2276 3612
547 217 589 261 363
889 215 950 266 IIVIII,
969 218 1001 253 Io.
1021 217 1052 252 Ia

88 352 149 392 γιον·
166 338 237 396 φαίνῃ
251 356 292 394 γιοι
307 334 340 394 pm}
356 334 487 391 ιλιίναγιενσς
502 335 575 379 εἰπεῖν
591 334 622 380 εἰς
642 327 656 373 ὀί
673 327 792 386 προέτεινα
809 347 851 375 σοι.
887 329 941 385 λέγω
959 325 1003 384 tall
1018 324 1053 371 ὅτι

88 409 125 453 καί
142 406 154 451 ὁ
170 406 302 459 ιλιέολσααλός
317 425 357 452 σον
373 410 395 451 έν
412 400 548 461 οίπορρήνοις
563 396 615 447 νινοί
632 401 688 458 λέγει
706 401 763 445 εἶναι
780 401 875 457 πατέρα.

146 477 196 521 XIII.
227 480 272 524 Καί
288 477 299 524 ὁ
317 479 402 535 Πέτρος
419 474 471 531 έφιγ·
489 470 656 532 α’πσαρινοιλγιαι
673 473 704 520 εἰς
720 468 731 514 ὃ
747 472 822 521 θέλοις
838 472 887 528 περὶ
910 469 960 514 νοῦ·
983 468 1055 520 οὐδεὶς

88 546 145 606 ’έγναι
159 544 199 593 ado
214 535 314 605 πατέρα,
329 551 349 592 οἰ
363 545 397 604 ,αὴ
413 543 424 590 ὁ
440 544 499 595 ollis,
516 541 565 590 odite
582 541 622 589 σὸν
637 542 688 586 οἷον
704 558 737 591 τις
753 542 825 595 uideo,
846 546 865 587 εἰ
886 539 920 599 γαί
942 536 953 585 o‘
971 539 1053 597 πατὴρ,

89 620 124 663 καί
140 617 173 668 οἷς
189 615 218 663 da
232 619 346 676 βούληται
364 614 375 662 ὁ
391 614 439 667 otta
456 613 628 671 darouoltlpdufl.
659 614 748 669 πρώτον
764 612 935 670 γιένθανγιοίζα,
952 612 1000 660 πώς
1012 613 1068 657 coiit

89 688 156 746 λέγον
171 686 253 733 τοίνυν
269 688 371 744 γινρίαςὅ
387 693 479 747 ἔχοντος
496 681 585 746 {adoptio
602 680 629 731 σιί
645 679 671 727 od
688 681 884 739 ἐπικινδυνότερον
904 684 991 736 ἐξελέξω
1010 683 1053 739 γιέ-

91 777 127 818 ρος
143 755 198 816 πρὸς
218 755 331 816 ιίγνωσίαν
347 761 388 803 σοι]
405 758 545 815 δημιουργοῦ
561 757 595 800 καὶ
612 755 655 798 τῶν
671 749 710 797 ὑπ’
726 749 799 797 adzeri
815 749 907 798 πίνναν
928 751 1002 810 φήσας
1021 757 1053 797 εἰ·

89 833 172 887 ριγσθαι
188 826 227 873 τὸν
243 826 316 885 λόγον.
347 830 437 886 πρῶτον
452 830 496 883 ,nlo
511 822 666 882 palpationem
683 821 694 867 ὁ
710 820 775 879 λόγος
792 824 897 878 εἰρῆσθαι
914 822 969 879 πρὸς
991 821 1053 868 ποίν-

89 918 129 950 αας
144 898 281 951 Ἰονιλαίονς,
296 896 351 948 coo'e
370 899 457 956 πατέρα
478 896 614 952 νομίζοντας
636 893 693 938 εἶναι
711 892 814 947 Χρισνού
829 891 888 935 co'o4
908 893 993 948 Δαβίέ,
1015 894 1052 938 παλ

89 969 159 1016 udaia
176 968 199 1013 (λέ
215 967 255 1013 τὸν
272 968 371 1025 Χριστὸν
387 966 437 1012 νὶὸν
453 963 520 1017 ὄντα,
539 965 574 1010 ααί
594 962 644 1009 νὶὀν
662 963 723 1007 Θεοῦ
738 958 771 1018 γαί
789 962 906 1017 ἐγνωκέναι
917 959 933 1002 5.
968 961 1001 1006 dat
1017 963 1052 1007 nel
1060 976 1079 1009 10

89 1040 173 1087 οἰκείας
188 1041 284 1096 εἴρηται·
302 1034 376 1087 σσίλελς
391 1043 447 1094 έγνω
464 1031 503 1080 νίν
520 1035 619 1091 πατέρα,
641 1033 690 1076 ἐπεί
707 1030 757 1077 duat
779 1032 820 1075 cor]
841 1032 903 1076 Θεοῦ
924 1026 964 1075 eda
980 1034 1056 1090 Λαβίλ

90 1107 174 1158 πάντες
189 1109 278 1166 ἔλεγον,
293 1104 318 1152 τὸ
334 1108 357 1153 dt
372 1105 487 1159 έπιίξανσα
503 1107 588 1157 εἰπεῖν,
607 1099 635 1152 cic
651 1098 703 1148 oddo
720 1102 760 1147 αὸν
781 1100 832 1146 ollio
853 1118 887 1152 τις
908 1101 982 1154 aldea,
1006 1105 1054 1148 ἐπεὶ

89 1175 161 1224 αὐτὸν
176 1174 226 1222 olda
241 1175 296 1223 ὅννα
313 1174 351 1221 οὐν
368 1174 483 1236 γ’γίλιισανὸ,
501 1176 562 1220 uota
707 1173 715 1180 ⁹
784 1169 897 1230 βούληται
913 1166 983 1224 ὀνὶές
995 1169 1053 1219 clarc-

89 1247 201 1302 καλιίψαι,
217 1245 289 1303 ὀρθῶς
304 1249 404 1303 εἴρηται,
424 1242 436 1290 o‘
451 1242 495 1303 γιίρ
512 1240 550 1287 ἀπ’
566 1243 634 1303 α’ρχιγς
654 1239 685 1286 do
698 1238 746 1292 νὶὁς
761 1241 834 1300 γιόνος
849 1238 947 1298 dolona,
966 1247 1004 1288 ἵνα
1020 1244 1053 1293 οἷς

88 1317 197 1377 βούλεται
214 1315 357 1374 οίποααλιίψῃ.
393 1318 429 1361 παὶ
445 1312 518 1365 οὕτως
539 1310 636 1358 δύνασαι
651 1308 756 1367 ‘Addpo‘
777 1311 955 1368 πρανόπλασνος
982 1309 1077 1359 adalam

89 1388 121 1446 pa)
138 1386 240 1447 σῖγνοεῑν,
261 1387 312 1434 addi
328 1384 428 1446 Ἐνιίχό
445 1381 594 1443 εὐαρεσνιγσας
615 1380 647 1441 ,αρ’
667 1384 765 1436 εἰιλέναι,
790 1380 842 1426 οὔτε
858 1383 912 1427 Νιῦε
933 1378 944 1426 ὁ
968 1383 1053 1432 δίκαιος

88 1455 122 1515 prr}
137 1460 283 1509 ἐπίστασθαι,
298 1455 350 1502 οὔτε
366 1451 476 1513 Ἀβρασίγι
492 1454 503 1499 ὁ
520 1456 584 1511 φίλος
600 1452 633 1510 ,αὴ
650 1455 759 1507 συνιέναι,
776 1452 816 1496 σιιίι
831 1449 908 1498 Ἰσαοὶιι
924 1450 957 1511 μὴ
972 1471 1054 1511 νενοη-

89 1531 163 1580 κέναι,
179 1524 219 1572 σνίι
234 1523 317 1583 'Iandp
337 1524 348 1570 ὁ
365 1527 480 1575 παλαίσας
500 1522 533 1582 μὴ
555 1525 744 1576 πεπιστευκέναι,
765 1525 800 1569 nol
824 1525 895 1569 ποίοιν
915 1534 960 1574 τοῖς
981 1526 1005 1567 έν
1024 1526 1052 1583 τῷ

88 1601 133 1657 λαῷ
149 1594 218 1650 α’ξίοις
229 1594 262 1652 pal
278 1595 479 1652 α’πσαεααλιλφθαι.

89 1740 169 1782 Videris
190 1739 237 1780 milri
256 1751 297 1781 non
317 1750 381 1792 posse
404 1738 532 1792 respondere
553 1737 577 1779 ad
597 1750 621 1778 ea
643 1749 697 1791 quae
718 1738 754 1779 ubi
774 1737 880 1790 proposui.
917 1736 956 1778 Aio
978 1744 1078 1791 autem,20

89 1811 145 1865 quod
161 1816 181 1851 et
196 1810 293 1864 Magister
308 1814 355 1850 tuus
371 1809 480 1862 quemdam
496 1808 543 1850 dicit
559 1820 605 1850 esse
621 1808 642 1848 in
658 1809 738 1850 arcanis
755 1808 842 1851 Patrem.

148 1879 197 1921 IIIII.
227 1880 252 1921 Et
267 1880 339 1921 Petrus
356 1879 415 1920 dixit:
438 1878 570 1932 respondebo
594 1878 627 1934 ad,
644 1878 662 1918 id
685 1879 740 1933 quod
757 1879 798 1934 vis,
812 1878 838 1920 de
856 1879 901 1920 illo:
916 1892 975 1920 neruo
995 1882 1054 1922 ttoolt

89 1952 182 2002 Putrem,
197 1951 238 1991 alsi
252 1950 316 2004 filius,
331 1962 396 2003 neque
410 1950 476 2002 filiorm
492 1950 537 2003 puls
547 1950 610 2001 rooolt,
627 1949 668 1989 nisi
683 1949 757 2001 Potor,
774 1950 881 2004 atquibus
896 1951 985 1992 uoluerit
997 1952 1053 2004 filius

89 2024 189 2065 revelare.
220 2021 287 2061 Primo
303 2019 385 2073 quidem
400 2021 476 2073 miror,
500 2032 539 2073 qua
554 2020 645 2074 ratione,
666 2032 712 2060 cum
728 2020 768 2061 lroc
785 2019 859 2061 dietum
876 2022 996 2062 innumeros
1013 2021 1052 2062 ha-

89 2095 136 2136 beat
151 2103 234 2147 sensus,
251 2096 273 2133 tu
289 2090 461 2144 periculosiorem
477 2090 566 2145 elegeris
582 2096 671 2146 partem,
688 2092 745 2134 aiens
761 2091 862 2144 prolatum
879 2091 942 2133 luisse
957 2092 977 2133 in
988 2093 1078 2146 igno-25

88 2164 173 2205 cantiam
196 2161 300 2204 Creatoris
321 2162 454 2216 omniumque
476 2162 513 2203 sub
539 2174 564 2203 eo
586 2162 708 2215 positorum.
748 2161 857 2203 Enimvero
878 2164 964 2216 primum
984 2169 1053 2217 potest

88 2233 224 2283 testimonium
240 2233 314 2274 dictum
331 2244 378 2274 esse
393 2234 414 2273 in
430 2245 503 2275 omnes
518 2232 622 2286 ludaeos,
638 2233 673 2286 qui
688 2238 767 2286 patrem
783 2232 856 2274 Christi
876 2234 973 2287 putabant
986 2234 1052 2276 Davi-

89 2304 135 2346 dem
155 2316 212 2358 esse‚
235 2309 295 2358 alque
317 2302 418 2345 Christum
442 2304 487 2359 ejus
502 2303 573 2359 filium,
597 2304 674 2358 quique
696 2304 757 2345 filium
779 2304 817 2345 Dei
840 2317 882 2346 non
904 2312 1053 2358 cognoverant.

89 2375 157 2423 Quare
173 2380 219 2428 apte
241 2374 372 2415 dictumest:
396 2387 455 2422 neruo
474 2375 532 2415 ιισσίι
550 2374 643 2425 Pctrern,
666 2375 714 2428 quio
737 2387 774 2429 pro
791 2375 836 2417 Deo
859 2388 931 2424 ornnes
953 2376 1051 2418 Davidem

88 2445 180 2496 aiebant;
197 2449 217 2485 et
232 2443 288 2497 qarod
303 2443 416 2499 subjungit,
431 2444 485 2484 sicut
498 2457 537 2485 nee
550 2445 613 2497 filiunt
630 2445 676 2498 puis
691 2447 759 2497 locuit,
782 2445 856 2487 dicium
874 2452 916 2502 est,
937 2448 984 2501 quia
1006 2458 1077 2490 eumen

87 2516 149 2557 filium
164 2527 211 2557 esse
226 2514 369 2569 nesciverunt,
387 2520 406 2556 et
423 2514 478 2569 quod
495 2515 532 2556 ait:
549 2515 622 2568 peribam
632 2515 722 2555 uoluerit
733 2516 790 2568 [illus
800 2518 902 2570 recolere,
918 2518 1052 2573 reerehaoer,

89 2588 123 2641 qui
140 2585 192 2628 enim
208 2584 232 2625 ab
248 2585 304 2626 initio
321 2590 352 2627 est
367 2585 430 2642 silius,
446 2586 503 2629 solus
520 2586 632 2629 destinatus
649 2591 691 2641 est,
712 2592 735 2628 ut
752 2588 826 2640 quibus
843 2589 898 2644 cupit
912 2590 997 2631 revelet.
1027 2590 1052 2631 Et

88 2658 117 2698 sio
133 2667 175 2697 non
191 2658 259 2708 potest
274 2653 374 2710 Adamus,
390 2657 467 2709 primus
484 2661 566 2698 creatus
582 2656 655 2712 homo,
678 2656 733 2698 illum
749 2658 868 2714 ignorasse,
890 2672 958 2714 neque
974 2660 1050 2715 Enoch,

89 2729 124 2782 qui
137 2726 222 2781 placuit,
239 2726 348 2781 nesciisse,
364 2740 403 2768 nec
418 2728 475 2781 Noe,
487 2729 566 2784 justus,
582 2740 624 2770 non
640 2729 762 2783 agnovisse,
784 2742 823 2772 nec
838 2730 976 2786 Abralrarnus,
998 2732 1050 2771 ami-

88 2812 135 2854 cus,
151 2809 193 2839 non
209 2796 345 2851 intellexisse,
361 2810 400 2840 nec
416 2799 498 2842 lsaaous
514 2812 556 2841 ncn
572 2800 700 2854 percepisse,
721 2812 790 2855 neque
806 2801 907 2857 lacobus,
932 2803 965 2855 qui
982 2802 1076 2847 lucta-35

88 2875 120 2913 tus
138 2873 179 2924 est,
196 2879 237 2909 non
254 2866 377 2924 credidisse,
394 2870 484 2926 denique
500 2883 543 2912 non
557 2875 625 2925 potest
640 2870 690 2920 fieri,
708 2872 757 2925 quin
773 2873 851 2915 cunctis
867 2874 886 2914 In
898 2873 973 2927 populo
983 2872 1050 2927 dignis

88 2941 122 2982 ille
137 2939 199 2982 fuerit
213 2938 331 2990 revelatus?

121 3051 139 3086 1.
169 3043 229 3098 δὴὸ,
246 3043 333 3086 δέθθ,
611 3050 628 3087 5.
658 3049 704 3098 Leg.
727 3047 847 3102 ἐγνωκότας.
886 3052 1050 3102 ldemproposuit

119 3111 138 3145 2.
168 3101 349 3156 ιλποααλιίψαιθο,
358 3107 379 3155 D,
396 3104 555 3159 ἀπσκαλιίψιιῦ.
580 3107 719 3147 Sclrliemannus
736 3111 790 3147 Clem.
807 3114 878 3159 p.200i
895 3112 942 3147 569.
956 3113 975 3149 S.

120 3168 138 3203 3.
168 3162 246 3215 μορίοις
262 3166 283 3204 0.
610 3171 628 3204 li.
658 3163 762 3219 ᾕδιγσιινθ,
778 3169 807 3216 qui
822 3174 858 3206 tum
870 3169 934 3207 scribit
948 3166 1048 3223 βούλεται.

118 3228 137 3263 4.
167 3218 203 3262 τὸν
219 3223 233 3261 0
249 3229 267 3262 et
282 3223 300 3261 in
316 3234 374 3271 marg.
384 3224 405 3274 G,
420 3224 455 3264 ισῖι
470 3225 555 3263 intentu.
