2276 3612
535 233 577 277 275
899 235 938 283 xu,
955 238 987 273 aa
1005 238 1038 273 aa.

77 349 155 408 μωραῖ,
171 344 330 404 φιλάνθρωπός
347 352 406 403 εἰμες
422 348 457 391 καὶ
474 344 486 391 ὁ
505 350 588 404 Πέτρος
604 346 752 406 άπεκρίνατο·
772 352 792 394 εἰ
807 345 866 406 μετά
882 351 923 393 του
939 343 1041 403 πρόγνω-

77 419 126 466 σιν1
142 422 201 477 ἔχειν
216 419 272 477 εἶχες
287 420 322 463 καί
337 419 380 463 τοι]
395 416 481 474 κρίνειν
497 418 609 471 ἐξουσίαν,
624 419 695 474 ὀρθῶς
708 417 737 466 do
751 421 819 465 τούτο
835 418 928 470 ἐποίεις,
943 411 980 462 διά
996 420 1040 472 μὲν

76 487 101 533 τό
116 489 231 544 εἰληφέναι
245 486 288 545 τάν
303 486 420 540 ἐξουσίαν,
442 489 596 544 καταδικάζων
611 487 651 539 οὓς
667 487 677 532 ό
701 487 757 540 Θεὸς
772 486 950 549 ἐδημιούργησε,
966 484 1001 531 διά
1018 488 1040 532 δὲ

76 558 117 616 τάν
132 554 270 614 πρόγνωσιν,
293 553 422 605 άπταίστως
444 560 467 600 ἐν
490 560 519 615 τῷ
537 559 620 615 κρίνειν
641 559 681 610 οδς
701 565 745 618 μὲν
768 560 796 610 ως
819 561 919 609 δικαίους
940 557 1040 610 δικαιόν,

75 626 115 677 οίίς
131 628 154 672 δὲ
170 626 199 679 τίς
215 625 306 679 άδίκους
321 621 483 680 καταδικάζων.
514 624 650 687 nequii-‘pqr'
666 627 740 686 ὀρθάς
753 632 852 686 ε”φνγςκαὶ
866 628 965 685 attonitis,
981 623 1052 675 οἶδά-5

75 714 144 744 νατον
159 697 203 754 γάρ
218 715 270 743 τινα
288 695 415 755 πρόγνωσιν
432 692 471 741 oda
488 703 568 757 ἔχοντα
585 696 656 757 ὀρθάς
673 710 754 756 κρῖναι.
789 701 861 745 ἐνίοτε
879 695 923 757 γάρ
940 699 1038 756 φαίνον-

74 767 111 812 ταί
126 783 185 817 τινες
201 763 300 824 άγαθοί,
315 764 418 822 άδέμιτα
440 764 516 824 κρόεγα
536 767 743 825 διαπρασσόμενοι,
765 773 819 815 ἔνιοι
842 770 864 814 δὲ
881 764 966 826 άγαδοὶ
989 765 1037 813 άπὸ

74 838 179 895 διαβολῆς
194 840 279 896 ἐχθροῖν
295 837 358 882 κακοί
373 833 608 893 τίποάαμβανόμενσι,
639 836 686 883 άλλ’
702 843 722 883 εἰ
737 841 773 885 καί
789 842 829 884 του
844 843 980 896 βασανίζειν
1000 839 1036 883 καί

73 905 203 963 ἀνακρίνειν
218 908 320 959 ἐξουσίαν
336 924 370 956 τις
384 912 441 968 ἔχων
455 905 551 962 δικάζει,
567 903 620 952 ον’δὲ
637 905 709 959 οὕτως
725 906 750 953 τό
768 908 858 959 πάντως
872 909 961 959 δικαίως
975 904 1036 967 αὐτῷ

73 971 161 1020 δικάσαι
177 977 269 1033 ἐγίνετοΙ
300 982 355 1022 ἔνιοι
375 974 419 1034 γάρ
438 987 514 1032 φονεῖς
532 975 597 1029 ὄντες
617 974 658 1027 τάς
676 978 795 1034 βασάνους
816 977 986 1037 ὑπομείναντες
1006 975 1060 1027 aigro

73 1044 144 1105 οίδῷοι
160 1045 325 1102 άπελάδιγσαν,
341 1053 411 1106 ἕτεροι
427 1049 450 1093 δὲ
466 1044 539 1106 αἴθωσι
555 1046 637 1097 όντες2
651 1044 692 1098 τάς
707 1045 825 1107 βασάνους
839 1046 872 1107 μή
891 1045 1034 1105 ὑπομείναν-

73 1133 118 1168 τες,
132 1117 220 1160 euocat
235 1115 446 1174 καταψευσάμενοι,
462 1115 490 1168 τίς
507 1120 575 1163 αἴτιοι
590 1118 757 1177 ἐκολάσθησαν.

130 1186 216 1229 XXVIII.
247 1185 294 1231 Καὶ
311 1183 324 1231 ό
342 1189 437 1245 Πέτρος·
459 1190 568 1244 μετρίως,
591 1193 643 1246 dopo,
664 1193 709 1249 ἔχει
724 1191 859 1242 nudandae,
880 1184 906 1233 τό
921 1188 944 1233 δὲ
956 1192 1034 1246 μεῖζον

73 1255 176 1302 άκουσσν.
205 1257 270 1301 ε’νίων
287 1251 415 1315 ανθρώπων
432 1257 614 1314 άμαρτανόντων
629 1256 643 1314 ἦ
658 1255 842 1317 ειίπραττόντων,
858 1251 888 1304 ὧν
904 1259 966 1303 νύν5
982 1276 1034 1302 ποι-

72 1328 139 1372 οῦσιν
155 1324 169 1370 δ
184 1329 227 1383 μὲν
243 1326 288 1371 ἴδια
305 1323 378 1373 uriaco
392 1328 466 1380 ἐστίν,
482 1325 496 1372 ά
512 1328 536 1372 δὲ
553 1325 671 1385 άλλότρια,
689 1330 776 1374 δίκαιον
792 1330 815 1375 δὲ
830 1336 926 1387 ἕκαστον
941 1328 1058 1378 iniectare

72 1397 135 1445 ἰδίοις
156 1393 304 1453 άμαρτήμασι
325 1401 474 1454 τιμωρεῖσθαι
494 1393 508 1453 ἢ
528 1399 563 1442 ἐπὶ
584 1407 631 1447 τοῖς
653 1398 718 1448 ἰδίοις
740 1394 919 1456 κατορθώμασιν
945 1393 1033 1454 εὐεργε-

70 1472 167 1513 attenua
199 1462 315 1512 άδύνατσν
335 1465 358 1510 δὲ
380 1484 425 1511 τινι
448 1464 509 1523 πλήν
533 1465 638 1525 προφήτῃ
659 1465 722 1525 μόνῳ
744 1467 872 1525 πρόγνωσιν
891 1472 964 1527 ἔχοντι
987 1464 1034 1511 τάδ

70 1610 136 1653 ricscs
152 1609 199 1666 quia
214 1607 281 1663 inJurii
295 1618 353 1661 terga
370 1605 464 1649 homines
484 1606 569 1648 fuerunt
589 1608 680 1663 castigo,
704 1608 804 1650 humanus
828 1621 879 1650 sum.
916 1608 940 1649 Et
961 1607 1033 1650 Petrus

69 1679 183 1734 respondit:
199 1680 216 1722 si
230 1691 271 1721 una
287 1691 333 1719 cum
348 1678 486 1731 praenotione
501 1677 590 1719 haberes
607 1690 691 1732 qnoque
704 1678 810 1733 Judicandi
826 1683 958 1733 potestatem,
974 1684 1032 1720 recte

69 1750 88 1790 id
104 1749 196 1805 faceres,
211 1761 248 1802 per
263 1753 369 1802 acceptam
379 1747 467 1801 quidem
483 1753 605 1802 potestatem
621 1749 761 1791 condemnans
778 1761 815 1791 ecs
832 1761 883 1803 [ptius
898 1748 955 1790 Deus
968 1761 1056 1792 crea-ao

69 1821 107 1875 vit,
123 1832 159 1873 per
175 1820 331 1874 praenotionem
348 1831 409 1873 vero,
425 1818 528 1873 inculpate
543 1819 563 1859 in
576 1819 689 1873 Judicando
714 1826 755 1862 turn
772 1820 823 1863 alios
844 1826 946 1874 tamquam
962 1822 1031 1874 justos

70 1891 190 1945 absolvens,
207 1896 247 1932 tum
264 1890 313 1931 aiios
330 1894 432 1943 tamquam
452 1889 540 1943 injustos
557 1888 661 1933 damnans,
692 1890 717 1932 Et
740 1903 780 1945 ego
801 1891 849 1932 diui:
871 1896 928 1932 reete
950 1890 1030 1932 Iocutus

69 1974 91 2004 es
106 1974 129 2003 ac
145 1973 206 2015 vere,
222 1960 266 2002 fieri
281 1960 334 2001 enim
350 1960 433 2014 nequit,
447 1962 469 2000 ut
485 1959 519 2014 qui
534 1961 670 2013 praenotione
686 1966 754 2014 caret,
773 1966 831 2002 recte
844 1960 929 2015 Judicet.
960 1959 1029 2002 Inter-

68 2031 115 2073 dum
131 2031 206 2086 quippe
221 2031 312 2072 nonnulii
327 2030 421 2073 videntur
437 2030 496 2086 boni,
513 2030 548 2084 qui
563 2030 630 2071 illicita
646 2030 697 2072 olam
713 2036 845 2084 perpetrant,
869 2031 962 2072 nonnulii
977 2044 1029 2072 vero

67 2101 117 2144 boni
132 2101 221 2143 hostiurn
235 2101 335 2142 calumnia
351 2100 397 2142 mali
413 2111 459 2142 esse
473 2099 592 2143 creduntur.
622 2100 662 2143 Sed
679 2106 699 2142 et
715 2102 732 2143 si
748 2102 793 2155 quis
803 2106 906 2155 potestate
918 2103 1053 2156 torquendioa

67 2170 171 2226 praeditus
183 2171 272 2226 judicet,
288 2183 357 2225 neque
373 2172 402 2213 sic
415 2171 471 2225 Juste
487 2170 569 2212 omnino
585 2169 667 2212 habebit
679 2170 780 2225 judicare.
818 2171 903 2220 Quidam
920 2172 973 2213 enim
989 2171 1029 2212 ho-

68 2242 163 2298 micidae,
179 2242 305 2297 quaestionis
320 2247 422 2284 tormenta
436 2240 579 2295 perferentes,
597 2242 674 2284 dimissi
689 2247 737 2302 sunt
752 2242 808 2285 velut
823 2242 907 2298 innoxii,
924 2243 1029 2299 aii'nvero,

68 2315 101 2368 qui
117 2321 174 2357 erant
189 2315 321 2368 innoeentes,
348 2325 393 2354 cum
411 2317 513 2354 tormenta
529 2312 585 2353 ferre
601 2324 643 2354 non
659 2313 786 2368 potuissent,
810 2318 882 2356 contra
907 2327 930 2355 se
952 2314 1028 2356 mentiti

67 2386 122 2428 velut
136 2386 168 2428 rei
183 2384 282 2439 supplicio
299 2383 366 2425 affecti
381 2387 434 2425 sunt.

59 2465 60 2468 ’
123 2455 210 2498 XXVIII.
240 2454 291 2495 Tum
306 2454 387 2495 Petrus:
407 2456 468 2505 atque
483 2451 545 2505 naec,
560 2450 635 2504 inquit,
651 2451 732 2492 modica
749 2457 805 2507 sunt,
822 2452 868 2494 audi
889 2465 939 2494 vero
955 2453 1050 2507 ωαγνερ)

67 2526 115 2568 Cum
131 2526 193 2581 aliqui
207 2524 301 2567 homines
317 2529 404 2578 peccant
419 2522 452 2564 vel
467 2521 521 2564 bene
538 2526 611 2576 agunt,
631 2532 704 2562 eorum
720 2535 774 2576 quae
789 2535 844 2565 nunc
860 2529 972 2578 operantur
990 2524 1027 2565 alia

67 2597 147 2651 quidem
161 2597 253 2652 ipsorum
268 2596 351 2649 propria
366 2599 424 2650 sunt,
440 2592 478 2633 alia
493 2604 544 2634 vero
560 2591 635 2647 aliena,
651 2603 740 2645 aequum
757 2599 825 2635 autem
842 2600 873 2637 est
889 2606 1026 2649 unumquem-

67 2679 107 2720 que
123 2678 160 2721 pro
177 2666 255 2709 delictis
270 2666 359 2720 propriis
375 2665 425 2706 dare
440 2675 531 2718 poenas,
546 2667 580 2704 aut
595 2674 632 2717 pro
649 2663 726 2705 meritis
734 2665 823 2717 propriis
834 2664 952 2707 mercedem
963 2664 1025 2707 Ieme.

67 2737 119 2779 Fieri
135 2742 202 2780 autem
218 2737 299 2790 nequit,
316 2740 337 2777 ut
353 2735 463 2789 quispiam,
479 2734 518 2775 nisi
533 2733 590 2775 solus
606 2731 706 2787 propheta
722 2735 879 2787 praenotionem
895 2734 983 2789 habens,
1000 2735 1025 2775 ab

95 2926 112 2961 1.
143 2919 255 2974 πρόγνωσις
271 2923 307 2959 hoc
322 2922 365 2958 Ioco
378 2926 452 2959 nonest
463 2932 530 2968 „prae-
555 2917 641 2958 πάντοτε
656 2914 727 2965 είδάς,
743 2922 786 2959 coli.
802 2921 880 2969 Homli,
890 2923 908 2957 5.
923 2921 993 2968 111‚11.
1005 2921 1024 2959 S.

65 2980 137 3031 notior,
152 2987 172 3019 ut
187 2981 240 3019 vertit
256 2980 279 3029 G,
301 2981 335 3017 sed
352 2980 435 3029 cognitio
454 2983 530 3028 praete·
584 2981 603 3016 2.
632 2976 681 3014 Vbb.
702 2975 739 3022 τάς
759 2977 860 3032 βασάνους
879 2974 945 3027 dapar
968 2973 1024 3023 ὅμως

64 3038 148 3085 ritorum,
164 3039 202 3078 τῶν
218 3035 316 3091 πρότερον
331 3036 441 3088 γεγονότων
452 3037 529 3088 γνῶσις.
556 3035 683 3073 desiderantur
698 3035 716 3074 in
735 3036 755 3075 0.

66 3097 224 3145 CtadEpitc.
241 3100 273 3135 95.
303 3091 424 3146 Πρόγνωσις
439 3096 531 3145 significat
584 3096 603 3132 3.
634 3093 715 3133 cauom
732 3095 746 3132 0
763 3093 1024 3145 aeonflegacretnpu.

66 3156 117 3200 (coiit
135 3167 150 3192 c.
168 3157 206 3202 38)
221 3155 314 3193 scientiam
331 3155 443 3201 absolutam,
459 3155 530 3202 qualem
584 3155 602 3191 4.
634 3148 703 3203 ἔχοντα
720 3166 737 3201 p.
754 3150 816 3203 ἔχοντα
832 3147 857 3189 τά
873 3152 894 3189 Ο.

67 3212 121 3251 hahet
136 3225 189 3251 verus
205 3214 306 3263 propheta,
330 3212 359 3260 qui
380 3218 409 3251 est
432 3209 442 3250 ὁ
464 3209 529 3251 πάντα

768 3281 817 3324 ldiq
