<?xml version="1.0" encoding="UTF-8"?>
<!DOCTYPE html PUBLIC "-//W3C//DTD XHTML 1.0 Transitional//EN"
    "http://www.w3.org/TR/xhtml1/DTD/xhtml1-transitional.dtd">
<html xmlns="http://www.w3.org/1999/xhtml" xml:lang="en" lang="en">
 <head>
  <title>
</title>
<meta http-equiv="Content-Type" content="text/html;charset=utf-8" />
  <meta name='ocr-system' content='tesseract 3.04.00' />
  <meta name='ocr-capabilities' content='ocr_page ocr_carea ocr_par ocr_line ocrx_word'/>
</head>
<body>
  <div class='ocr_page' id='page_1' title='image "MN41653ucmf_3_0367.png"; bbox 0 0 2276 3612; ppageno 0'>
   <div class='ocr_carea' id='block_1_1' title="bbox 553 206 1052 256">
    <p class='ocr_par' dir='ltr' id='par_1_1' title="bbox 553 206 1052 256">
     <span class='ocr_line' id='line_1_1' title="bbox 553 206 1052 256; baseline -0.008 -5"><span class='ocrx_word' id='word_1_1' title='bbox 553 207 595 251; x_wconf 88' lang='grc'>343</span> <span class='ocrx_word' id='word_1_2' title='bbox 896 206 951 256; x_wconf 81' lang='lat' dir='ltr'>xvir,</span> <span class='ocrx_word' id='word_1_3' title='bbox 969 209 1002 248; x_wconf 85' lang='lat'>10.</span> <span class='ocrx_word' id='word_1_4' title='bbox 1019 211 1052 247; x_wconf 88' lang='lat'>11.</span> 
     </span>
    </p>
   </div>
   <div class='ocr_carea' id='block_1_2' title="bbox 81 316 1073 1438">
    <p class='ocr_par' dir='ltr' id='par_1_2' title="bbox 83 316 1067 948">
     <span class='ocr_line' id='line_1_2' title="bbox 86 316 1053 384; baseline 0 -16"><span class='ocrx_word' id='word_1_5' title='bbox 86 320 286 384; x_wconf 73' lang='grc' dir='ltr'><strong><em>,αόνοςόπόρχων-</em></strong></span> <span class='ocrx_word' id='word_1_6' title='bbox 317 325 352 370; x_wconf 85' lang='grc' dir='ltr'>ταὶ</span> <span class='ocrx_word' id='word_1_7' title='bbox 369 321 426 369; x_wconf 72' lang='lat' dir='ltr'>dtdl</span> <span class='ocrx_word' id='word_1_8' title='bbox 442 324 484 368; x_wconf 78' lang='grc' dir='ltr'>του</span> <span class='ocrx_word' id='word_1_9' title='bbox 507 323 656 384; x_wconf 69' lang='grc' dir='ltr'><strong><em>πανταχόθεν</em></strong></span> <span class='ocrx_word' id='word_1_10' title='bbox 677 322 770 381; x_wconf 83' lang='grc' dir='ltr'><strong><em>οἷπείρον</em></strong></span> <span class='ocrx_word' id='word_1_11' title='bbox 790 316 843 372; x_wconf 77' lang='grc' dir='ltr'><strong><em>νοός</em></strong></span> <span class='ocrx_word' id='word_1_12' title='bbox 867 317 908 379; x_wconf 68' lang='grc' dir='ltr'>τόν</span> <span class='ocrx_word' id='word_1_13' title='bbox 926 324 1053 378; x_wconf 78' lang='grc' dir='ltr'><strong><em>μετουσίαν</em></strong></span> 
     </span>
     <span class='ocr_line' id='line_1_3' title="bbox 86 389 1051 457; baseline -0.001 -16"><span class='ocrx_word' id='word_1_14' title='bbox 86 401 152 457; x_wconf 81' lang='grc' dir='ltr'><strong><em>ἔχων,</em></strong></span> <span class='ocrx_word' id='word_1_15' title='bbox 167 392 195 451; x_wconf 80' lang='grc' dir='ltr'>ἣν</span> <span class='ocrx_word' id='word_1_16' title='bbox 211 393 303 439; x_wconf 79' lang='grc' dir='ltr'><strong><em>πόντον</em></strong></span> <span class='ocrx_word' id='word_1_17' title='bbox 319 391 476 441; x_wconf 81' lang='grc' dir='ltr'><strong><em>α’ναπνὲονοαι</em></strong></span> <span class='ocrx_word' id='word_1_18' title='bbox 493 397 516 438; x_wconf 87' lang='grc' dir='ltr'>αἱ</span> <span class='ocrx_word' id='word_1_19' title='bbox 533 396 602 454; x_wconf 76' lang='grc' dir='ltr'><strong><em>ψυχαί</em></strong></span> <span class='ocrx_word' id='word_1_20' title='bbox 609 430 614 446; x_wconf 94' lang='grc'><strong><em>,</em></strong></span> <span class='ocrx_word' id='word_1_21' title='bbox 638 391 661 439; x_wconf 84' lang='grc' dir='ltr'>τό</span> <span class='ocrx_word' id='word_1_22' title='bbox 678 396 718 449; x_wconf 72' lang='grc' dir='ltr'>ζῇν</span> <span class='ocrx_word' id='word_1_23' title='bbox 739 400 840 455; x_wconf 77' lang='grc' dir='ltr'><strong><em>ἔχουσιν</em></strong></span> <span class='ocrx_word' id='word_1_24' title='bbox 858 389 902 441; x_wconf 73' lang='grc' dir='ltr'>τόν</span> <span class='ocrx_word' id='word_1_25' title='bbox 924 396 1051 453; x_wconf 78' lang='grc' dir='ltr'><strong><em>χαριοθώαι</em></strong></span> 
     </span>
     <span class='ocr_line' id='line_1_4' title="bbox 86 458 1053 526; baseline 0.003 -17"><span class='ocrx_word' id='word_1_26' title='bbox 86 467 127 511; x_wconf 78' lang='grc' dir='ltr'>τού</span> <span class='ocrx_word' id='word_1_27' title='bbox 145 462 256 521; x_wconf 72' lang='grc' dir='ltr'><strong><em>σώματος,</em></strong></span> <span class='ocrx_word' id='word_1_28' title='bbox 272 466 327 512; x_wconf 66' lang='grc' dir='ltr'>ναὶ2</span> <span class='ocrx_word' id='word_1_29' title='bbox 342 462 382 510; x_wconf 85' lang='grc' dir='ltr'>τόν</span> <span class='ocrx_word' id='word_1_30' title='bbox 397 468 429 513; x_wconf 82' lang='grc' dir='ltr'>εἰς</span> <span class='ocrx_word' id='word_1_31' title='bbox 445 458 518 508; x_wconf 71' lang='grc' dir='ltr'><strong><em>αὐτόν</em></strong></span> <span class='ocrx_word' id='word_1_32' title='bbox 534 464 643 521; x_wconf 61' lang='grc' dir='ltr'><strong><em>εὑρεθεῖσι</em></strong></span> <span class='ocrx_word' id='word_1_33' title='bbox 658 466 737 511; x_wconf 89' lang='grc' dir='ltr'><strong><em>πόθον</em></strong></span> <span class='ocrx_word' id='word_1_34' title='bbox 752 470 855 526; x_wconf 79' lang='grc' dir='ltr'><strong><em>ἔχουσαι,</em></strong></span> <span class='ocrx_word' id='word_1_35' title='bbox 872 469 905 517; x_wconf 80' lang='grc' dir='ltr'>εἰς</span> <span class='ocrx_word' id='word_1_36' title='bbox 921 462 961 509; x_wconf 88' lang='grc' dir='ltr'>τόν</span> <span class='ocrx_word' id='word_1_37' title='bbox 979 465 1053 512; x_wconf 68' lang='lat' dir='ltr'>olibeti</span> 
     </span>
     <span class='ocr_line' id='line_1_5' title="bbox 86 532 1051 595; baseline 0.003 -14"><span class='ocrx_word' id='word_1_38' title='bbox 86 535 171 584; x_wconf 78' lang='grc' dir='ltr'><strong><em>κόλπον</em></strong></span> <span class='ocrx_word' id='word_1_39' title='bbox 188 538 306 595; x_wconf 78' lang='grc' dir='ltr'><strong><em>φέρονται,</em></strong></span> <span class='ocrx_word' id='word_1_40' title='bbox 321 535 368 587; x_wconf 60' lang='grc' dir='ltr'>ὦςό</span> <span class='ocrx_word' id='word_1_41' title='bbox 383 540 408 580; x_wconf 85' lang='grc' dir='ltr'>ἐν</span> <span class='ocrx_word' id='word_1_42' title='bbox 423 536 517 595; x_wconf 74' lang='grc' dir='ltr'><strong><em>χειμῶνι</em></strong></span> <span class='ocrx_word' id='word_1_43' title='bbox 533 535 590 594; x_wconf 75' lang='grc' dir='ltr'><strong><em>ὥρας</em></strong></span> <span class='ocrx_word' id='word_1_44' title='bbox 606 541 626 583; x_wconf 88' lang='grc' dir='ltr'>οἱ</span> <span class='ocrx_word' id='word_1_45' title='bbox 642 532 710 593; x_wconf 62' lang='lat' dir='ltr'>dccccl</span> <span class='ocrx_word' id='word_1_46' title='bbox 725 536 769 580; x_wconf 82' lang='grc' dir='ltr'>τών</span> <span class='ocrx_word' id='word_1_47' title='bbox 784 532 842 594; x_wconf 66' lang='grc' dir='ltr'><strong><em>ὀροῖν</em></strong></span> <span class='ocrx_word' id='word_1_48' title='bbox 856 532 923 583; x_wconf 69' lang='lat' dir='ltr'>dcdl</span> <span class='ocrx_word' id='word_1_49' title='bbox 943 538 988 580; x_wconf 76' lang='grc' dir='ltr'>τῶν</span> <span class='ocrx_word' id='word_1_50' title='bbox 1009 540 1051 584; x_wconf 78' lang='grc' dir='ltr'>του</span> 
     </span>
     <span class='ocr_line' id='line_1_6' title="bbox 84 601 1067 665; baseline 0.002 -14"><span class='ocrx_word' id='word_1_51' title='bbox 84 607 151 665; x_wconf 73' lang='grc' dir='ltr'><strong><em>ἡλίου</em></strong></span> <span class='ocrx_word' id='word_1_52' title='bbox 165 603 260 652; x_wconf 71' lang='lat' dir='ltr'>arctoae</span> <span class='ocrx_word' id='word_1_53' title='bbox 275 604 393 663; x_wconf 75' lang='grc' dir='ltr'><strong><em>ἑλκόμενοι</em></strong></span> <span class='ocrx_word' id='word_1_54' title='bbox 410 605 517 663; x_wconf 74' lang='grc' dir='ltr'><strong><em>φέρονται</em></strong></span> <span class='ocrx_word' id='word_1_55' title='bbox 533 605 590 663; x_wconf 80' lang='grc' dir='ltr'><strong><em>πρός</em></strong></span> <span class='ocrx_word' id='word_1_56' title='bbox 606 603 677 652; x_wconf 73' lang='lat' dir='ltr'>adedo</span> <span class='ocrx_word' id='word_1_57' title='bbox 693 601 814 652; x_wconf 71' lang='grc' dir='ltr'><strong><em>υέθοόνανοι.</em></strong></span> <span class='ocrx_word' id='word_1_58' title='bbox 850 613 903 653; x_wconf 90' lang='grc' dir='ltr'><strong><em>οἵαν</em></strong></span> <span class='ocrx_word' id='word_1_59' title='bbox 924 601 968 652; x_wconf 72' lang='grc' dir='ltr'>οὖν</span> <span class='ocrx_word' id='word_1_60' title='bbox 985 613 1067 665; x_wconf 79' lang='lat' dir='ltr'>coep-5</span> 
     </span>
     <span class='ocr_line' id='line_1_7' title="bbox 84 671 1049 737; baseline 0.001 -15"><span class='ocrx_word' id='word_1_61' title='bbox 84 673 127 736; x_wconf 73' lang='grc' dir='ltr'>νόν</span> <span class='ocrx_word' id='word_1_62' title='bbox 143 679 263 737; x_wconf 79' lang='grc' dir='ltr'><strong><em>συλλαβεῖν</em></strong></span> <span class='ocrx_word' id='word_1_63' title='bbox 279 676 413 733; x_wconf 62' lang='lat' dir='ltr'>desciscebat,</span> <span class='ocrx_word' id='word_1_64' title='bbox 430 672 471 719; x_wconf 76' lang='grc' dir='ltr'>ἐόν</span> <span class='ocrx_word' id='word_1_65' title='bbox 488 672 530 734; x_wconf 70' lang='grc' dir='ltr'>τὴν</span> <span class='ocrx_word' id='word_1_66' title='bbox 545 678 672 735; x_wconf 77' lang='grc' dir='ltr'><strong><em>εὐμορφίαν</em></strong></span> <span class='ocrx_word' id='word_1_67' title='bbox 688 671 761 722; x_wconf 74' lang='lat' dir='ltr'>adecti</span> <span class='ocrx_word' id='word_1_68' title='bbox 783 678 812 734; x_wconf 70' lang='grc' dir='ltr'>τῷ</span> <span class='ocrx_word' id='word_1_69' title='bbox 833 681 863 736; x_wconf 68' lang='lat' dir='ltr'>op]</span> <span class='ocrx_word' id='word_1_70' title='bbox 885 677 1049 725; x_wconf 79' lang='grc' dir='ltr'><strong><em>κατοπτεύσα-</em></strong></span> 
     </span>
     <span class='ocr_line' id='line_1_8' title="bbox 83 740 1048 807; baseline 0.002 -15"><span class='ocrx_word' id='word_1_71' title='bbox 83 752 139 805; x_wconf 67' lang='grc' dir='ltr'><strong><em>ριεν]</em></strong></span> <span class='ocrx_word' id='word_1_72' title='bbox 154 745 224 798; x_wconf 69' lang='grc' dir='ltr'><strong><em>ἄλλους</em></strong></span> <span class='ocrx_word' id='word_1_73' title='bbox 240 749 264 794; x_wconf 76' lang='lat' dir='ltr'>dt</span> <span class='ocrx_word' id='word_1_74' title='bbox 279 744 408 807; x_wconf 70' lang='grc' dir='ltr'><strong><em>ἀμήχανον.</em></strong></span> <span class='ocrx_word' id='word_1_75' title='bbox 447 740 563 793; x_wconf 72' lang='grc' dir='ltr'><strong><em>οἷόύνατον</em></strong></span> <span class='ocrx_word' id='word_1_76' title='bbox 582 747 625 806; x_wconf 78' lang='grc' dir='ltr'>νόρ</span> <span class='ocrx_word' id='word_1_77' title='bbox 641 745 722 795; x_wconf 76' lang='grc' dir='ltr'><strong><em>καλλος</em></strong></span> <span class='ocrx_word' id='word_1_78' title='bbox 740 744 795 792; x_wconf 78' lang='lat' dir='ltr'>doec</span> <span class='ocrx_word' id='word_1_79' title='bbox 812 751 901 804; x_wconf 63' lang='lat' dir='ltr'>‚troppau</span> <span class='ocrx_word' id='word_1_80' title='bbox 918 749 989 802; x_wconf 79' lang='grc' dir='ltr'><strong><em>εἶναι,</em></strong></span> <span class='ocrx_word' id='word_1_81' title='bbox 1012 752 1048 795; x_wconf 75' lang='lat' dir='ltr'>act</span> 
     </span>
     <span class='ocr_line' id='line_1_9' title="bbox 84 813 1048 875; baseline 0.002 -12"><span class='ocrx_word' id='word_1_82' title='bbox 84 816 141 875; x_wconf 81' lang='grc' dir='ltr'><strong><em>πρός</em></strong></span> <span class='ocrx_word' id='word_1_83' title='bbox 156 815 196 862; x_wconf 88' lang='grc' dir='ltr'>τόν</span> <span class='ocrx_word' id='word_1_84' title='bbox 212 817 285 863; x_wconf 72' lang='grc' dir='ltr'><strong><em>αὐτου</em></strong></span> <span class='ocrx_word' id='word_1_85' title='bbox 301 821 370 874; x_wconf 74' lang='grc' dir='ltr'><strong><em>ἔρωτα</em></strong></span> <span class='ocrx_word' id='word_1_86' title='bbox 386 817 531 863; x_wconf 77' lang='grc' dir='ltr'><strong><em>ε’πισποὶοθαὶ</em></strong></span> <span class='ocrx_word' id='word_1_87' title='bbox 546 834 606 871; x_wconf 85' lang='grc' dir='ltr'><strong><em>τινα,</em></strong></span> <span class='ocrx_word' id='word_1_88' title='bbox 621 813 636 875; x_wconf 72' lang='grc' dir='ltr'><em>ἢ</em></span> <span class='ocrx_word' id='word_1_89' title='bbox 651 817 687 861; x_wconf 87' lang='grc' dir='ltr'>ταὶ</span> <span class='ocrx_word' id='word_1_90' title='bbox 703 816 774 862; x_wconf 77' lang='lat' dir='ltr'>domm</span> <span class='ocrx_word' id='word_1_91' title='bbox 785 814 843 861; x_wconf 80' lang='grc' dir='ltr'><strong><em>Θεὸν</em></strong></span> <span class='ocrx_word' id='word_1_92' title='bbox 859 814 915 875; x_wconf 79' lang='grc' dir='ltr'><strong><em>όροὶν</em></strong></span> <span class='ocrx_word' id='word_1_93' title='bbox 931 819 989 869; x_wconf 66' lang='lat' dir='ltr'>ettae</span> <span class='ocrx_word' id='word_1_94' title='bbox 1008 818 1048 865; x_wconf 82' lang='grc' dir='ltr'>ουύ</span> 
     </span>
     <span class='ocr_line' id='line_1_10' title="bbox 83 893 736 948; baseline -0.003 -15"><span class='ocrx_word' id='word_1_95' title='bbox 83 893 172 948; x_wconf 77' lang='grc' dir='ltr'><strong><em>ἔχοντα.</em></strong></span> <span class='ocrx_word' id='word_1_96' title='bbox 734 940 736 946; x_wconf 21' lang='lat' dir='ltr'>s</span> 
     </span>
    </p>

    <p class='ocr_par' dir='ltr' id='par_1_3' title="bbox 81 955 1073 1438">
     <span class='ocr_line' id='line_1_11' title="bbox 140 955 1073 1019; baseline 0.002 -18"><span class='ocrx_word' id='word_1_97' title='bbox 140 959 173 1003; x_wconf 91' lang='lat' dir='ltr'>XI.</span> <span class='ocrx_word' id='word_1_98' title='bbox 208 960 273 1008; x_wconf 78' lang='grc' dir='ltr'><strong><em>Τινὲς</em></strong></span> <span class='ocrx_word' id='word_1_99' title='bbox 289 958 311 1003; x_wconf 76' lang='lat' dir='ltr'>db</span> <span class='ocrx_word' id='word_1_100' title='bbox 327 961 365 1016; x_wconf 73' lang='grc' dir='ltr'>τῆς</span> <span class='ocrx_word' id='word_1_101' title='bbox 381 956 493 1016; x_wconf 69' lang='grc' dir='ltr'><strong><em>ἀληθείας</em></strong></span> <span class='ocrx_word' id='word_1_102' title='bbox 509 955 623 1015; x_wconf 61' lang='lat' dir='ltr'>tiliacum</span> <span class='ocrx_word' id='word_1_103' title='bbox 639 956 717 1011; x_wconf 79' lang='grc' dir='ltr'><strong><em>ὄντες,</em></strong></span> <span class='ocrx_word' id='word_1_104' title='bbox 733 958 768 1003; x_wconf 85' lang='grc' dir='ltr'>ταὶ</span> <span class='ocrx_word' id='word_1_105' title='bbox 783 957 811 1014; x_wconf 74' lang='grc' dir='ltr'>τῇ</span> <span class='ocrx_word' id='word_1_106' title='bbox 821 957 885 1016; x_wconf 78' lang='grc' dir='ltr'><strong><em>κατίοι</em></strong></span> <span class='ocrx_word' id='word_1_107' title='bbox 896 960 1073 1019; x_wconf 72' lang='grc' dir='ltr'><strong><em>ουρνροχούν-ερ</em></strong></span> 
     </span>
     <span class='ocr_line' id='line_1_12' title="bbox 82 1023 1047 1087; baseline 0 -14"><span class='ocrx_word' id='word_1_108' title='bbox 82 1046 129 1081; x_wconf 85' lang='grc' dir='ltr'><strong><em>τες,</em></strong></span> <span class='ocrx_word' id='word_1_109' title='bbox 149 1028 259 1086; x_wconf 74' lang='grc' dir='ltr'><strong><em>προφάσει</em></strong></span> <span class='ocrx_word' id='word_1_110' title='bbox 275 1029 402 1087; x_wconf 78' lang='grc' dir='ltr'><strong><em>όοξολονιάς</em></strong></span> <span class='ocrx_word' id='word_1_111' title='bbox 420 1024 591 1087; x_wconf 74' lang='grc' dir='ltr'><strong><em>υἶσχφροότιοτον</em></strong></span> <span class='ocrx_word' id='word_1_112' title='bbox 608 1023 679 1074; x_wconf 71' lang='grc' dir='ltr'><strong><em>αὐτόν</em></strong></span> <span class='ocrx_word' id='word_1_113' title='bbox 695 1028 810 1084; x_wconf 61' lang='lat' dir='ltr'>taccam,</span> <span class='ocrx_word' id='word_1_114' title='bbox 832 1030 870 1071; x_wconf 87' lang='grc' dir='ltr'>ἵνα</span> <span class='ocrx_word' id='word_1_115' title='bbox 891 1025 996 1084; x_wconf 76' lang='grc' dir='ltr'><strong><em>όμορφος</em></strong></span> <span class='ocrx_word' id='word_1_116' title='bbox 1011 1033 1047 1075; x_wconf 85' lang='grc' dir='ltr'>ναὶ</span> 
     </span>
     <span class='ocr_line' id='line_1_13' title="bbox 83 1094 1047 1165; baseline -0.002 -20"><span class='ocrx_word' id='word_1_117' title='bbox 83 1097 198 1150; x_wconf 75' lang='grc' dir='ltr'>οἲνείόεος5</span> <span class='ocrx_word' id='word_1_118' title='bbox 213 1097 243 1144; x_wconf 76' lang='grc' dir='ltr'>ὢν</span> <span class='ocrx_word' id='word_1_119' title='bbox 258 1101 341 1157; x_wconf 76' lang='grc' dir='ltr'><strong><em>μηδενὶ</em></strong></span> <span class='ocrx_word' id='word_1_120' title='bbox 357 1095 437 1157; x_wconf 79' lang='grc' dir='ltr'><strong><em>ὁρατός</em></strong></span> <span class='ocrx_word' id='word_1_121' title='bbox 452 1094 478 1165; x_wconf 72' lang='grc' dir='ltr'>ᾖ,</span> <span class='ocrx_word' id='word_1_122' title='bbox 494 1097 554 1149; x_wconf 83' lang='grc' dir='ltr'><strong><em>ὅπως</em></strong></span> <span class='ocrx_word' id='word_1_123' title='bbox 568 1096 603 1157; x_wconf 71' lang='grc' dir='ltr'>,αὴ</span> <span class='ocrx_word' id='word_1_124' title='bbox 619 1095 776 1159; x_wconf 70' lang='grc' dir='ltr'><strong><em>περιπόθητος</em></strong></span> <span class='ocrx_word' id='word_1_125' title='bbox 791 1096 893 1155; x_wconf 70' lang='grc' dir='ltr'><strong><em>γένηται.</em></strong></span> <span class='ocrx_word' id='word_1_126' title='bbox 931 1098 984 1147; x_wconf 76' lang='grc' dir='ltr'><strong><em>νοός</em></strong></span> <span class='ocrx_word' id='word_1_127' title='bbox 1004 1096 1047 1157; x_wconf 75' lang='grc' dir='ltr'><strong><em>νοόρ</em></strong></span> 
     </span>
     <span class='ocr_line' id='line_1_14' title="bbox 82 1164 1046 1232; baseline 0 -17"><span class='ocrx_word' id='word_1_128' title='bbox 82 1171 138 1220; x_wconf 78' lang='grc' dir='ltr'><strong><em>εἶδος</em></strong></span> <span class='ocrx_word' id='word_1_129' title='bbox 155 1166 196 1232; x_wconf 78' lang='grc' dir='ltr'>οὐχ</span> <span class='ocrx_word' id='word_1_130' title='bbox 211 1169 267 1229; x_wconf 77' lang='grc' dir='ltr'><strong><em>ὁρῶν</em></strong></span> <span class='ocrx_word' id='word_1_131' title='bbox 283 1169 345 1216; x_wconf 75' lang='grc' dir='ltr'><strong><em>Θεοῦ</em></strong></span> <span class='ocrx_word' id='word_1_132' title='bbox 360 1170 423 1221; x_wconf 78' lang='grc' dir='ltr'><strong><em>κενός</em></strong></span> <span class='ocrx_word' id='word_1_133' title='bbox 439 1174 500 1217; x_wconf 78' lang='grc' dir='ltr'><strong><em>ἐστιν</em></strong></span> <span class='ocrx_word' id='word_1_134' title='bbox 521 1169 600 1217; x_wconf 71' lang='grc' dir='ltr'><strong><em>αὐτοῦ.</em></strong></span> <span class='ocrx_word' id='word_1_135' title='bbox 640 1172 687 1220; x_wconf 74' lang='grc' dir='ltr'>πῶς</span> <span class='ocrx_word' id='word_1_136' title='bbox 707 1168 748 1214; x_wconf 71' lang='lat' dir='ltr'>dt⁶</span> <span class='ocrx_word' id='word_1_137' title='bbox 768 1169 805 1213; x_wconf 85' lang='grc' dir='ltr'>ναὶ</span> <span class='ocrx_word' id='word_1_138' title='bbox 825 1164 917 1229; x_wconf 63' lang='lat' dir='ltr'>eriperet*</span> <span class='ocrx_word' id='word_1_139' title='bbox 940 1186 987 1221; x_wconf 80' lang='grc' dir='ltr'><strong><em>τις,</em></strong></span> <span class='ocrx_word' id='word_1_140' title='bbox 1007 1168 1046 1215; x_wconf 79' lang='grc' dir='ltr'>οὐκ</span> 
     </span>
     <span class='ocr_line' id='line_1_15' title="bbox 81 1234 1046 1300; baseline 0 -15"><span class='ocrx_word' id='word_1_141' title='bbox 81 1246 136 1300; x_wconf 78' lang='grc' dir='ltr'><strong><em>ἔχων</em></strong></span> <span class='ocrx_word' id='word_1_142' title='bbox 151 1237 207 1297; x_wconf 81' lang='grc' dir='ltr'><strong><em>πρός</em></strong></span> <span class='ocrx_word' id='word_1_143' title='bbox 220 1242 272 1287; x_wconf 84' lang='grc' dir='ltr'><strong><em>τίνα</em></strong></span> <span class='ocrx_word' id='word_1_144' title='bbox 288 1238 409 1300; x_wconf 73' lang='grc' dir='ltr'><strong><em>καταφύγῃ</em></strong></span> <span class='ocrx_word' id='word_1_145' title='bbox 414 1275 421 1294; x_wconf 99' lang='grc'><strong><em>,</em></strong></span> <span class='ocrx_word' id='word_1_146' title='bbox 437 1243 468 1291; x_wconf 72' lang='grc' dir='ltr'>εἰς</span> <span class='ocrx_word' id='word_1_147' title='bbox 485 1242 537 1287; x_wconf 84' lang='grc' dir='ltr'><strong><em>τίνα</em></strong></span> <span class='ocrx_word' id='word_1_148' title='bbox 554 1242 626 1300; x_wconf 77' lang='grc' dir='ltr'><strong><em>ἐρείσῃ</em></strong></span> <span class='ocrx_word' id='word_1_149' title='bbox 634 1241 656 1293; x_wconf 73' lang='grc'>7,·</span> <span class='ocrx_word' id='word_1_150' title='bbox 672 1235 811 1285; x_wconf 78' lang='grc' dir='ltr'><strong><em>οἷντιτνπιάν</em></strong></span> <span class='ocrx_word' id='word_1_151' title='bbox 826 1234 869 1295; x_wconf 78' lang='grc' dir='ltr'>γαρ</span> <span class='ocrx_word' id='word_1_152' title='bbox 885 1234 927 1284; x_wconf 71' lang='lat' dir='ltr'>ocia</span> <span class='ocrx_word' id='word_1_153' title='bbox 944 1243 998 1298; x_wconf 77' lang='grc' dir='ltr'><strong><em>ἔχων</em></strong></span> <span class='ocrx_word' id='word_1_154' title='bbox 1014 1243 1046 1289; x_wconf 78' lang='grc' dir='ltr'>εἰς</span> 
     </span>
     <span class='ocr_line' id='line_1_16' title="bbox 81 1303 1070 1371; baseline 0.001 -17"><span class='ocrx_word' id='word_1_155' title='bbox 81 1308 146 1356; x_wconf 81' lang='grc' dir='ltr'><strong><em>κενόν</em></strong></span> <span class='ocrx_word' id='word_1_156' title='bbox 162 1308 334 1368; x_wconf 61' lang='lat' dir='ltr'>susceptricem.</span> <span class='ocrx_word' id='word_1_157' title='bbox 365 1312 414 1363; x_wconf 79' lang='grc' dir='ltr'><strong><em>ναί,</em></strong></span> <span class='ocrx_word' id='word_1_158' title='bbox 431 1312 512 1368; x_wconf 76' lang='grc' dir='ltr'><strong><em>φασίν,</em></strong></span> <span class='ocrx_word' id='word_1_159' title='bbox 534 1307 561 1358; x_wconf 82' lang='lat' dir='ltr'>od</span> <span class='ocrx_word' id='word_1_160' title='bbox 577 1309 619 1371; x_wconf 67' lang='grc' dir='ltr'>χρὴ</span> <span class='ocrx_word' id='word_1_161' title='bbox 636 1306 695 1357; x_wconf 82' lang='grc' dir='ltr'><strong><em>Θεόν</em></strong></span> <span class='ocrx_word' id='word_1_162' title='bbox 712 1312 848 1368; x_wconf 78' lang='grc' dir='ltr'><strong><em>φοβεῖσθαι,</em></strong></span> <span class='ocrx_word' id='word_1_163' title='bbox 868 1304 924 1353; x_wconf 77' lang='lat' dir='ltr'>dttd</span> <span class='ocrx_word' id='word_1_164' title='bbox 942 1303 1070 1365; x_wconf 65' lang='grc' dir='ltr'><strong><em>αναποῖναε</em></strong></span> 
     </span>
     <span class='ocr_line' id='line_1_17' title="bbox 82 1374 1045 1438; baseline 0 -14"><span class='ocrx_word' id='word_1_165' title='bbox 82 1380 139 1438; x_wconf 73' lang='grc' dir='ltr'>φημὶ</span> <span class='ocrx_word' id='word_1_166' title='bbox 154 1375 218 1438; x_wconf 76' lang='grc' dir='ltr'><strong><em>αόνώ.</em></strong></span> <span class='ocrx_word' id='word_1_167' title='bbox 249 1377 306 1426; x_wconf 80' lang='lat' dir='ltr'>c’ttd</span> <span class='ocrx_word' id='word_1_168' title='bbox 321 1382 389 1426; x_wconf 78' lang='grc' dir='ltr'><strong><em>τουτο</em></strong></span> <span class='ocrx_word' id='word_1_169' title='bbox 406 1380 496 1437; x_wconf 72' lang='grc' dir='ltr'><strong><em>παρέξει</em></strong></span> <span class='ocrx_word' id='word_1_170' title='bbox 511 1380 606 1438; x_wconf 67' lang='lat' dir='ltr'>enecone</span> <span class='ocrx_word' id='word_1_171' title='bbox 621 1377 726 1436; x_wconf 75' lang='grc' dir='ltr'><strong><em>εὐποιΐας</em></strong></span> <span class='ocrx_word' id='word_1_172' title='bbox 742 1374 907 1434; x_wconf 69' lang='grc' dir='ltr'><strong><em>εὐσυνειὸυφσία.</em></strong></span> <span class='ocrx_word' id='word_1_173' title='bbox 936 1374 950 1435; x_wconf 80' lang='grc' dir='ltr'><em>ἦ</em></span> <span class='ocrx_word' id='word_1_174' title='bbox 966 1379 989 1424; x_wconf 68' lang='grc' dir='ltr'>δὲ</span> <span class='ocrx_word' id='word_1_175' title='bbox 1006 1378 1045 1425; x_wconf 84' lang='grc' dir='ltr'><strong><em>ευ’-</em></strong></span> 
     </span>
    </p>
   </div>
   <div class='ocr_carea' id='block_1_3' title="bbox 77 1519 1069 2498">
    <p class='ocr_par' dir='ltr' id='par_1_4' title="bbox 78 1519 1069 2059">
     <span class='ocr_line' id='line_1_18' title="bbox 81 1519 1042 1580; baseline -0.001 -16"><span class='ocrx_word' id='word_1_176' title='bbox 81 1522 165 1577; x_wconf 84' lang='lat' dir='ltr'>sistens‚</span> <span class='ocrx_word' id='word_1_177' title='bbox 181 1526 202 1562; x_wconf 89' lang='lat' dir='ltr'>ut</span> <span class='ocrx_word' id='word_1_178' title='bbox 218 1521 253 1576; x_wconf 83' lang='lat' dir='ltr'>qui</span> <span class='ocrx_word' id='word_1_179' title='bbox 268 1521 323 1564; x_wconf 91' lang='lat' dir='ltr'>solus</span> <span class='ocrx_word' id='word_1_180' title='bbox 339 1523 370 1565; x_wconf 91' lang='lat' dir='ltr'>sit.</span> <span class='ocrx_word' id='word_1_181' title='bbox 401 1521 426 1563; x_wconf 90' lang='lat' dir='ltr'>Et</span> <span class='ocrx_word' id='word_1_182' title='bbox 441 1534 479 1576; x_wconf 88' lang='lat' dir='ltr'>per</span> <span class='ocrx_word' id='word_1_183' title='bbox 493 1519 583 1562; x_wconf 84' lang='lat' dir='ltr'>infinitae</span> <span class='ocrx_word' id='word_1_184' title='bbox 599 1520 744 1574; x_wconf 79' lang='lat' dir='ltr'>undecumque</span> <span class='ocrx_word' id='word_1_185' title='bbox 765 1519 838 1562; x_wconf 90' lang='lat' dir='ltr'>mentis</span> <span class='ocrx_word' id='word_1_186' title='bbox 859 1520 1042 1580; x_wconf 74' lang='lat' dir='ltr'>participationem,</span> 
     </span>
     <span class='ocr_line' id='line_1_19' title="bbox 81 1590 1044 1651; baseline 0.001 -16"><span class='ocrx_word' id='word_1_187' title='bbox 81 1605 120 1648; x_wconf 81' lang='lat' dir='ltr'>qua</span> <span class='ocrx_word' id='word_1_188' title='bbox 135 1596 257 1634; x_wconf 92' lang='lat' dir='ltr'>cunctorum</span> <span class='ocrx_word' id='word_1_189' title='bbox 272 1592 332 1634; x_wconf 91' lang='lat' dir='ltr'>animi</span> <span class='ocrx_word' id='word_1_190' title='bbox 350 1593 463 1648; x_wconf 80' lang='lat' dir='ltr'>respirant,</span> <span class='ocrx_word' id='word_1_191' title='bbox 486 1592 558 1634; x_wconf 89' lang='lat' dir='ltr'>vivere</span> <span class='ocrx_word' id='word_1_192' title='bbox 580 1590 666 1644; x_wconf 78' lang='lat' dir='ltr'>habent3</span> <span class='ocrx_word' id='word_1_193' title='bbox 690 1596 710 1632; x_wconf 91' lang='lat' dir='ltr'>et</span> <span class='ocrx_word' id='word_1_194' title='bbox 731 1592 747 1634; x_wconf 92' lang='lat' dir='ltr'>si</span> <span class='ocrx_word' id='word_1_195' title='bbox 769 1597 892 1645; x_wconf 76' lang='lat' dir='ltr'>separentur</span> <span class='ocrx_word' id='word_1_196' title='bbox 914 1604 925 1633; x_wconf 94' lang='lat' dir='ltr'>a</span> <span class='ocrx_word' id='word_1_197' title='bbox 947 1604 1044 1651; x_wconf 82' lang='lat' dir='ltr'>corpore,</span> 
     </span>
     <span class='ocr_line' id='line_1_20' title="bbox 80 1662 1042 1719; baseline 0.002 -14"><span class='ocrx_word' id='word_1_198' title='bbox 80 1669 142 1719; x_wconf 87' lang='lat' dir='ltr'>atque</span> <span class='ocrx_word' id='word_1_199' title='bbox 156 1663 177 1704; x_wconf 92' lang='lat' dir='ltr'>in</span> <span class='ocrx_word' id='word_1_200' title='bbox 192 1662 258 1705; x_wconf 90' lang='lat' dir='ltr'>Deum</span> <span class='ocrx_word' id='word_1_201' title='bbox 274 1675 365 1706; x_wconf 90' lang='lat' dir='ltr'>amorem</span> <span class='ocrx_word' id='word_1_202' title='bbox 381 1663 459 1705; x_wconf 90' lang='lat' dir='ltr'>habere</span> <span class='ocrx_word' id='word_1_203' title='bbox 475 1662 617 1719; x_wconf 78' lang='lat' dir='ltr'>inveniantur7</span> <span class='ocrx_word' id='word_1_204' title='bbox 633 1663 653 1703; x_wconf 91' lang='lat' dir='ltr'>in</span> <span class='ocrx_word' id='word_1_205' title='bbox 668 1662 721 1704; x_wconf 91' lang='lat' dir='ltr'>illius</span> <span class='ocrx_word' id='word_1_206' title='bbox 736 1662 831 1705; x_wconf 86' lang='lat' dir='ltr'>feruntur</span> <span class='ocrx_word' id='word_1_207' title='bbox 846 1663 925 1718; x_wconf 82' lang='lat' dir='ltr'>sinum,</span> <span class='ocrx_word' id='word_1_208' title='bbox 941 1664 993 1707; x_wconf 91' lang='lat' dir='ltr'>sicut</span> <span class='ocrx_word' id='word_1_209' title='bbox 1008 1665 1042 1707; x_wconf 88' lang='lat' dir='ltr'>lri-</span> 
     </span>
     <span class='ocr_line' id='line_1_21' title="bbox 79 1733 1069 1790; baseline 0.001 -14"><span class='ocrx_word' id='word_1_210' title='bbox 79 1735 144 1776; x_wconf 92' lang='lat' dir='ltr'>berno</span> <span class='ocrx_word' id='word_1_211' title='bbox 160 1739 253 1788; x_wconf 88' lang='lat' dir='ltr'>tempore</span> <span class='ocrx_word' id='word_1_212' title='bbox 269 1745 358 1788; x_wconf 78' lang='lat' dir='ltr'>vapores</span> <span class='ocrx_word' id='word_1_213' title='bbox 372 1734 480 1789; x_wconf 80' lang='lat' dir='ltr'>montium,</span> <span class='ocrx_word' id='word_1_214' title='bbox 497 1746 507 1774; x_wconf 88' lang='lat' dir='ltr'>a</span> <span class='ocrx_word' id='word_1_215' title='bbox 524 1733 573 1774; x_wconf 88' lang='lat' dir='ltr'>solis</span> <span class='ocrx_word' id='word_1_216' title='bbox 589 1733 651 1776; x_wconf 88' lang='lat' dir='ltr'>radiis</span> <span class='ocrx_word' id='word_1_217' title='bbox 666 1733 735 1789; x_wconf 83' lang='lat' dir='ltr'>tracti,</span> <span class='ocrx_word' id='word_1_218' title='bbox 756 1733 782 1775; x_wconf 89' lang='lat' dir='ltr'>ad</span> <span class='ocrx_word' id='word_1_219' title='bbox 806 1746 851 1775; x_wconf 86' lang='lat' dir='ltr'>curn</span> <span class='ocrx_word' id='word_1_220' title='bbox 871 1733 968 1776; x_wconf 86' lang='lat' dir='ltr'>feruntur</span> <span class='ocrx_word' id='word_1_221' title='bbox 992 1746 1069 1790; x_wconf 82' lang='lat' dir='ltr'>per-ao</span> 
     </span>
     <span class='ocr_line' id='line_1_22' title="bbox 79 1803 1043 1859; baseline 0.003 -14"><span class='ocrx_word' id='word_1_222' title='bbox 79 1805 140 1859; x_wconf 88' lang='lat' dir='ltr'>petui.</span> <span class='ocrx_word' id='word_1_223' title='bbox 170 1804 234 1853; x_wconf 80' lang='lat' dir='ltr'>Quam</span> <span class='ocrx_word' id='word_1_224' title='bbox 250 1817 301 1859; x_wconf 80' lang='lat' dir='ltr'>ergo</span> <span class='ocrx_word' id='word_1_225' title='bbox 318 1806 423 1846; x_wconf 88' lang='lat' dir='ltr'>caritatem</span> <span class='ocrx_word' id='word_1_226' title='bbox 439 1804 550 1858; x_wconf 76' lang='lat' dir='ltr'>concipere</span> <span class='ocrx_word' id='word_1_227' title='bbox 565 1815 686 1858; x_wconf 89' lang='lat' dir='ltr'>possumus,</span> <span class='ocrx_word' id='word_1_228' title='bbox 708 1804 725 1845; x_wconf 92' lang='lat' dir='ltr'>si</span> <span class='ocrx_word' id='word_1_229' title='bbox 741 1803 868 1858; x_wconf 86' lang='lat' dir='ltr'>praeclaram</span> <span class='ocrx_word' id='word_1_230' title='bbox 888 1805 942 1847; x_wconf 90' lang='lat' dir='ltr'>illius</span> <span class='ocrx_word' id='word_1_231' title='bbox 956 1805 1043 1848; x_wconf 88' lang='lat' dir='ltr'>formam</span> 
     </span>
     <span class='ocr_line' id='line_1_23' title="bbox 79 1873 1043 1931; baseline 0.002 -15"><span class='ocrx_word' id='word_1_232' title='bbox 79 1880 146 1917; x_wconf 89' lang='lat' dir='ltr'>mente</span> <span class='ocrx_word' id='word_1_233' title='bbox 161 1875 273 1917; x_wconf 86' lang='lat' dir='ltr'>intuemur!</span> <span class='ocrx_word' id='word_1_234' title='bbox 289 1873 354 1917; x_wconf 83' lang='lat' dir='ltr'>Aliter</span> <span class='ocrx_word' id='word_1_235' title='bbox 368 1880 436 1917; x_wconf 83' lang='lat' dir='ltr'>autern</span> <span class='ocrx_word' id='word_1_236' title='bbox 451 1873 496 1916; x_wconf 88' lang='lat' dir='ltr'>fieri</span> <span class='ocrx_word' id='word_1_237' title='bbox 511 1874 587 1928; x_wconf 85' lang='lat' dir='ltr'>nequit.</span> <span class='ocrx_word' id='word_1_238' title='bbox 617 1873 743 1928; x_wconf 88' lang='lat' dir='ltr'>Impossibile</span> <span class='ocrx_word' id='word_1_239' title='bbox 760 1875 813 1916; x_wconf 92' lang='lat' dir='ltr'>enim</span> <span class='ocrx_word' id='word_1_240' title='bbox 829 1880 871 1931; x_wconf 78' lang='lat' dir='ltr'>est,</span> <span class='ocrx_word' id='word_1_241' title='bbox 886 1881 908 1917; x_wconf 92' lang='lat' dir='ltr'>ut</span> <span class='ocrx_word' id='word_1_242' title='bbox 924 1876 949 1917; x_wconf 90' lang='lat' dir='ltr'>sit</span> <span class='ocrx_word' id='word_1_243' title='bbox 965 1877 1043 1930; x_wconf 88' lang='lat' dir='ltr'>pulcri-</span> 
     </span>
     <span class='ocr_line' id='line_1_24' title="bbox 78 1944 1040 2001; baseline 0 -12"><span class='ocrx_word' id='word_1_244' title='bbox 78 1947 127 1989; x_wconf 89' lang='lat' dir='ltr'>tudo</span> <span class='ocrx_word' id='word_1_245' title='bbox 145 1946 189 1988; x_wconf 92' lang='lat' dir='ltr'>sine</span> <span class='ocrx_word' id='word_1_246' title='bbox 204 1946 280 2000; x_wconf 80' lang='lat' dir='ltr'>forma,</span> <span class='ocrx_word' id='word_1_247' title='bbox 295 1951 359 1999; x_wconf 85' lang='lat' dir='ltr'>utque</span> <span class='ocrx_word' id='word_1_248' title='bbox 375 1945 463 2000; x_wconf 86' lang='lat' dir='ltr'>aliquem</span> <span class='ocrx_word' id='word_1_249' title='bbox 479 1944 505 1986; x_wconf 92' lang='lat' dir='ltr'>ad</span> <span class='ocrx_word' id='word_1_250' title='bbox 521 1946 552 1987; x_wconf 92' lang='lat' dir='ltr'>sui</span> <span class='ocrx_word' id='word_1_251' title='bbox 568 1944 698 1987; x_wconf 91' lang='lat' dir='ltr'>dilectionem</span> <span class='ocrx_word' id='word_1_252' title='bbox 713 1945 825 2000; x_wconf 68' lang='lat' dir='ltr'>pertrahat</span> <span class='ocrx_word' id='word_1_253' title='bbox 842 1951 877 1987; x_wconf 85' lang='lat' dir='ltr'>aut</span> <span class='ocrx_word' id='word_1_254' title='bbox 892 1951 915 1988; x_wconf 93' lang='lat' dir='ltr'>ut</span> <span class='ocrx_word' id='word_1_255' title='bbox 931 1946 976 2001; x_wconf 88' lang='lat' dir='ltr'>quis</span> <span class='ocrx_word' id='word_1_256' title='bbox 990 1959 1040 2001; x_wconf 88' lang='lat' dir='ltr'>spe-</span> 
     </span>
     <span class='ocr_line' id='line_1_25' title="bbox 78 2015 487 2059; baseline 0 -1"><span class='ocrx_word' id='word_1_257' title='bbox 78 2022 110 2059; x_wconf 85' lang='lat' dir='ltr'>ret</span> <span class='ocrx_word' id='word_1_258' title='bbox 125 2016 191 2058; x_wconf 90' lang='lat' dir='ltr'>Deum</span> <span class='ocrx_word' id='word_1_259' title='bbox 207 2016 278 2058; x_wconf 91' lang='lat' dir='ltr'>videre</span> <span class='ocrx_word' id='word_1_260' title='bbox 293 2022 397 2058; x_wconf 82' lang='lat' dir='ltr'>carentem</span> <span class='ocrx_word' id='word_1_261' title='bbox 414 2015 487 2058; x_wconf 86' lang='lat' dir='ltr'>forma.</span> 
     </span>
    </p>

    <p class='ocr_par' dir='ltr' id='par_1_5' title="bbox 77 2081 1066 2498">
     <span class='ocr_line' id='line_1_26' title="bbox 135 2081 1066 2141; baseline 0 -13"><span class='ocrx_word' id='word_1_262' title='bbox 135 2086 168 2128; x_wconf 84' lang='grc' dir='ltr'>ΧΙ.</span> <span class='ocrx_word' id='word_1_263' title='bbox 199 2081 351 2136; x_wconf 77' lang='lat' dir='ltr'>Quidam&#39;vero</span> <span class='ocrx_word' id='word_1_264' title='bbox 368 2087 428 2129; x_wconf 88' lang='lat' dir='ltr'>alieni</span> <span class='ocrx_word' id='word_1_265' title='bbox 444 2099 455 2128; x_wconf 88' lang='lat' dir='ltr'>a</span> <span class='ocrx_word' id='word_1_266' title='bbox 470 2087 558 2129; x_wconf 87' lang='lat' dir='ltr'>veritato</span> <span class='ocrx_word' id='word_1_267' title='bbox 574 2091 594 2127; x_wconf 92' lang='lat' dir='ltr'>et</span> <span class='ocrx_word' id='word_1_268' title='bbox 610 2086 696 2128; x_wconf 80' lang='lat' dir='ltr'>malitiae</span> <span class='ocrx_word' id='word_1_269' title='bbox 716 2087 768 2129; x_wconf 89' lang='lat' dir='ltr'>socii</span> <span class='ocrx_word' id='word_1_270' title='bbox 789 2092 899 2141; x_wconf 85' lang='lat' dir='ltr'>praetextu</span> <span class='ocrx_word' id='word_1_271' title='bbox 919 2087 1066 2131; x_wconf 78' lang='lat' dir='ltr'>laudationisae</span> 
     </span>
     <span class='ocr_line' id='line_1_27' title="bbox 77 2157 1042 2213; baseline 0.003 -14"><span class='ocrx_word' id='word_1_272' title='bbox 77 2158 143 2199; x_wconf 90' lang='lat' dir='ltr'>Deum</span> <span class='ocrx_word' id='word_1_273' title='bbox 158 2157 238 2211; x_wconf 73' lang='lat' dir='ltr'>figurae</span> <span class='ocrx_word' id='word_1_274' title='bbox 254 2162 358 2212; x_wconf 84' lang='lat' dir='ltr'>expertem</span> <span class='ocrx_word' id='word_1_275' title='bbox 375 2159 443 2212; x_wconf 81' lang='lat' dir='ltr'>aiunt,</span> <span class='ocrx_word' id='word_1_276' title='bbox 465 2163 487 2200; x_wconf 92' lang='lat' dir='ltr'>ut</span> <span class='ocrx_word' id='word_1_277' title='bbox 501 2157 568 2199; x_wconf 85' lang='lat' dir='ltr'>forma</span> <span class='ocrx_word' id='word_1_278' title='bbox 585 2163 605 2199; x_wconf 87' lang='lat' dir='ltr'>ct</span> <span class='ocrx_word' id='word_1_279' title='bbox 620 2157 689 2211; x_wconf 91' lang='lat' dir='ltr'>specie</span> <span class='ocrx_word' id='word_1_280' title='bbox 710 2169 795 2213; x_wconf 64' lang='lat' dir='ltr'>carens,</span> <span class='ocrx_word' id='word_1_281' title='bbox 820 2159 895 2199; x_wconf 89' lang='lat' dir='ltr'>nemini</span> <span class='ocrx_word' id='word_1_282' title='bbox 912 2160 1042 2212; x_wconf 87' lang='lat' dir='ltr'>aspectabilis</span> 
     </span>
     <span class='ocr_line' id='line_1_28' title="bbox 78 2227 1041 2286; baseline 0 -14"><span class='ocrx_word' id='word_1_283' title='bbox 78 2232 113 2286; x_wconf 83' lang='lat' dir='ltr'>sit,</span> <span class='ocrx_word' id='word_1_284' title='bbox 129 2242 155 2271; x_wconf 91' lang='lat' dir='ltr'>ne</span> <span class='ocrx_word' id='word_1_285' title='bbox 172 2234 280 2283; x_wconf 86' lang='lat' dir='ltr'>exoptatus</span> <span class='ocrx_word' id='word_1_286' title='bbox 296 2228 335 2271; x_wconf 84' lang='lat' dir='ltr'>frat.</span> <span class='ocrx_word' id='word_1_287' title='bbox 373 2229 432 2271; x_wconf 84' lang='lat' dir='ltr'>llens</span> <span class='ocrx_word' id='word_1_288' title='bbox 454 2229 530 2282; x_wconf 85' lang='lat' dir='ltr'>quippe</span> <span class='ocrx_word' id='word_1_289' title='bbox 550 2239 593 2269; x_wconf 92' lang='lat' dir='ltr'>non</span> <span class='ocrx_word' id='word_1_290' title='bbox 612 2228 683 2270; x_wconf 91' lang='lat' dir='ltr'>intuita</span> <span class='ocrx_word' id='word_1_291' title='bbox 701 2227 739 2269; x_wconf 90' lang='lat' dir='ltr'>Dei</span> <span class='ocrx_word' id='word_1_292' title='bbox 757 2228 847 2281; x_wconf 86' lang='lat' dir='ltr'>speciem</span> <span class='ocrx_word' id='word_1_293' title='bbox 863 2242 929 2271; x_wconf 88' lang='lat' dir='ltr'>vacua</span> <span class='ocrx_word' id='word_1_294' title='bbox 950 2229 984 2271; x_wconf 91' lang='lat' dir='ltr'>illo</span> <span class='ocrx_word' id='word_1_295' title='bbox 1004 2237 1041 2273; x_wconf 89' lang='lat' dir='ltr'>est.</span> 
     </span>
     <span class='ocr_line' id='line_1_29' title="bbox 78 2298 1040 2356; baseline -0.002 -12"><span class='ocrx_word' id='word_1_296' title='bbox 78 2302 103 2344; x_wconf 86' lang='lat' dir='ltr'>Et</span> <span class='ocrx_word' id='word_1_297' title='bbox 119 2314 158 2356; x_wconf 88' lang='lat' dir='ltr'>qua</span> <span class='ocrx_word' id='word_1_298' title='bbox 173 2302 254 2342; x_wconf 85' lang='lat' dir='ltr'>ratione</span> <span class='ocrx_word' id='word_1_299' title='bbox 269 2305 365 2355; x_wconf 87' lang='lat' dir='ltr'>precetur</span> <span class='ocrx_word' id='word_1_300' title='bbox 381 2301 465 2354; x_wconf 85' lang='lat' dir='ltr'>aliquis,</span> <span class='ocrx_word' id='word_1_301' title='bbox 482 2311 523 2341; x_wconf 97' lang='lat' dir='ltr'>non</span> <span class='ocrx_word' id='word_1_302' title='bbox 538 2298 617 2340; x_wconf 85' lang='lat' dir='ltr'>habens</span> <span class='ocrx_word' id='word_1_303' title='bbox 634 2299 658 2340; x_wconf 90' lang='lat' dir='ltr'>ad</span> <span class='ocrx_word' id='word_1_304' title='bbox 675 2310 735 2353; x_wconf 84' lang='lat' dir='ltr'>quern</span> <span class='ocrx_word' id='word_1_305' title='bbox 752 2299 868 2355; x_wconf 79' lang='lat' dir='ltr'>confugiat,</span> <span class='ocrx_word' id='word_1_306' title='bbox 892 2301 912 2341; x_wconf 94' lang='lat' dir='ltr'>in</span> <span class='ocrx_word' id='word_1_307' title='bbox 930 2313 990 2354; x_wconf 90' lang='lat' dir='ltr'>quem</span> <span class='ocrx_word' id='word_1_308' title='bbox 1006 2302 1040 2342; x_wconf 88' lang='lat' dir='ltr'>in-</span> 
     </span>
     <span class='ocr_line' id='line_1_30' title="bbox 78 2369 1040 2428; baseline 0.001 -15"><span class='ocrx_word' id='word_1_309' title='bbox 78 2371 170 2414; x_wconf 76' lang='lat' dir='ltr'>nitatur?</span> <span class='ocrx_word' id='word_1_310' title='bbox 200 2369 250 2412; x_wconf 90' lang='lat' dir='ltr'>Nam</span> <span class='ocrx_word' id='word_1_311' title='bbox 266 2371 360 2411; x_wconf 89' lang='lat' dir='ltr'>renixum</span> <span class='ocrx_word' id='word_1_312' title='bbox 381 2382 422 2412; x_wconf 93' lang='lat' dir='ltr'>non</span> <span class='ocrx_word' id='word_1_313' title='bbox 439 2369 526 2425; x_wconf 81' lang='lat' dir='ltr'>babens,</span> <span class='ocrx_word' id='word_1_314' title='bbox 548 2369 568 2410; x_wconf 91' lang='lat' dir='ltr'>in</span> <span class='ocrx_word' id='word_1_315' title='bbox 588 2370 642 2410; x_wconf 90' lang='lat' dir='ltr'>inani</span> <span class='ocrx_word' id='word_1_316' title='bbox 659 2369 750 2413; x_wconf 85' lang='lat' dir='ltr'>funditus</span> <span class='ocrx_word' id='word_1_317' title='bbox 773 2371 856 2413; x_wconf 86' lang='lat' dir='ltr'>corruit.</span> <span class='ocrx_word' id='word_1_318' title='bbox 894 2370 948 2427; x_wconf 82' lang='lat' dir='ltr'>Nae,</span> <span class='ocrx_word' id='word_1_319' title='bbox 969 2372 1040 2428; x_wconf 80' lang='lat' dir='ltr'>inquit,</span> 
     </span>
     <span class='ocr_line' id='line_1_31' title="bbox 78 2441 1064 2498; baseline 0 -13"><span class='ocrx_word' id='word_1_320' title='bbox 78 2456 118 2485; x_wconf 90' lang='lat' dir='ltr'>non</span> <span class='ocrx_word' id='word_1_321' title='bbox 135 2447 217 2497; x_wconf 90' lang='lat' dir='ltr'>oportet</span> <span class='ocrx_word' id='word_1_322' title='bbox 231 2441 297 2483; x_wconf 89' lang='lat' dir='ltr'>Deum</span> <span class='ocrx_word' id='word_1_323' title='bbox 312 2442 393 2498; x_wconf 85' lang='lat' dir='ltr'>timere,</span> <span class='ocrx_word' id='word_1_324' title='bbox 409 2441 446 2483; x_wconf 91' lang='lat' dir='ltr'>sed</span> <span class='ocrx_word' id='word_1_325' title='bbox 465 2454 541 2484; x_wconf 87' lang='lat' dir='ltr'>amare.</span> <span class='ocrx_word' id='word_1_326' title='bbox 570 2441 651 2483; x_wconf 89' lang='lat' dir='ltr'>Fateor.</span> <span class='ocrx_word' id='word_1_327' title='bbox 681 2442 757 2483; x_wconf 87' lang='lat' dir='ltr'>Verum</span> <span class='ocrx_word' id='word_1_328' title='bbox 772 2441 792 2482; x_wconf 91' lang='lat' dir='ltr'>id</span> <span class='ocrx_word' id='word_1_329' title='bbox 806 2442 918 2494; x_wconf 87' lang='lat' dir='ltr'>praestabit</span> <span class='ocrx_word' id='word_1_330' title='bbox 938 2443 1064 2487; x_wconf 81' lang='lat' dir='ltr'>uniuscu-30</span> 
     </span>
    </p>
   </div>
   <div class='ocr_carea' id='block_1_4' title="bbox 76 2622 1037 3270">
    <p class='ocr_par' dir='ltr' id='par_1_6' title="bbox 76 2622 1037 3095">
     <span class='ocr_line' id='line_1_32' title="bbox 110 2622 963 2679; baseline -0.001 -13"><span class='ocrx_word' id='word_1_331' title='bbox 110 2632 126 2666; x_wconf 91' lang='lat'>1.</span> <span class='ocrx_word' id='word_1_332' title='bbox 158 2622 191 2665; x_wconf 78' lang='lat' dir='ltr'>dcci</span> <span class='ocrx_word' id='word_1_333' title='bbox 206 2625 267 2664; x_wconf 88' lang='lat' dir='ltr'>addidi</span> <span class='ocrx_word' id='word_1_334' title='bbox 282 2626 446 2666; x_wconf 85' lang='lat' dir='ltr'>anctoreDavisio.</span> <span class='ocrx_word' id='word_1_335' title='bbox 473 2628 545 2666; x_wconf 85' lang='lat' dir='ltr'>Retinet</span> <span class='ocrx_word' id='word_1_336' title='bbox 570 2625 609 2666; x_wconf 83' lang='grc' dir='ltr'><strong><em>ναί.</em></strong></span> <span class='ocrx_word' id='word_1_337' title='bbox 640 2625 705 2673; x_wconf 73' lang='lat' dir='ltr'>Slcg.</span> <span class='ocrx_word' id='word_1_338' title='bbox 722 2631 786 2664; x_wconf 84' lang='lat' dir='ltr'>censet</span> <span class='ocrx_word' id='word_1_339' title='bbox 799 2625 897 2679; x_wconf 75' lang='grc' dir='ltr'><strong><em>χειμῶνος</em></strong></span> <span class='ocrx_word' id='word_1_340' title='bbox 913 2622 963 2678; x_wconf 69' lang='grc' dir='ltr'>ὥρᾳ.</span> 
     </span>
     <span class='ocr_line' id='line_1_33' title="bbox 80 2679 1037 2736; baseline -0.002 -10"><span class='ocrx_word' id='word_1_341' title='bbox 80 2689 171 2736; x_wconf 76' lang='lat' dir='ltr'>vulgatam</span> <span class='ocrx_word' id='word_1_342' title='bbox 188 2685 287 2723; x_wconf 90' lang='lat' dir='ltr'>lectionem</span> <span class='ocrx_word' id='word_1_343' title='bbox 302 2685 397 2734; x_wconf 81' lang='lat' dir='ltr'>Neander‚</span> <span class='ocrx_word' id='word_1_344' title='bbox 413 2686 454 2724; x_wconf 88' lang='lat' dir='ltr'>lc.</span> <span class='ocrx_word' id='word_1_345' title='bbox 469 2689 555 2736; x_wconf 72' lang='lat' dir='ltr'>p.397‚‘</span> <span class='ocrx_word' id='word_1_346' title='bbox 599 2690 618 2725; x_wconf 78' lang='grc'>4.</span> <span class='ocrx_word' id='word_1_347' title='bbox 648 2679 688 2723; x_wconf 78' lang='grc' dir='ltr'>ἀπὸ</span> <span class='ocrx_word' id='word_1_348' title='bbox 706 2684 726 2722; x_wconf 81' lang='lat' dir='ltr'>Cl</span> <span class='ocrx_word' id='word_1_349' title='bbox 742 2690 760 2722; x_wconf 93' lang='lat' dir='ltr'>et</span> <span class='ocrx_word' id='word_1_350' title='bbox 776 2687 795 2724; x_wconf 88' lang='lat' dir='ltr'>S.</span> <span class='ocrx_word' id='word_1_351' title='bbox 832 2686 972 2724; x_wconf 85' lang='lat' dir='ltr'>Distinctionem</span> <span class='ocrx_word' id='word_1_352' title='bbox 988 2688 1037 2724; x_wconf 81' lang='lat' dir='ltr'>forte</span> 
     </span>
     <span class='ocr_line' id='line_1_34' title="bbox 78 2740 1036 2795; baseline -0.002 -10"><span class='ocrx_word' id='word_1_353' title='bbox 78 2749 119 2786; x_wconf 89' lang='lat' dir='ltr'>dnm</span> <span class='ocrx_word' id='word_1_354' title='bbox 135 2747 158 2784; x_wconf 90' lang='lat' dir='ltr'>ad</span> <span class='ocrx_word' id='word_1_355' title='bbox 173 2740 207 2795; x_wconf 77' lang='grc' dir='ltr'>τὴν</span> <span class='ocrx_word' id='word_1_356' title='bbox 222 2740 328 2795; x_wconf 82' lang='grc' dir='ltr'><strong><em>μετουσίαν</em></strong></span> <span class='ocrx_word' id='word_1_357' title='bbox 344 2746 418 2794; x_wconf 86' lang='lat' dir='ltr'>supplet</span> <span class='ocrx_word' id='word_1_358' title='bbox 434 2742 508 2790; x_wconf 77' lang='grc' dir='ltr'><strong><em>διδούς.</em></strong></span> <span class='ocrx_word' id='word_1_359' title='bbox 525 2746 544 2784; x_wconf 89' lang='lat' dir='ltr'>S.</span> <span class='ocrx_word' id='word_1_360' title='bbox 569 2743 717 2794; x_wconf 86' lang='lat' dir='ltr'>praeponendam</span> <span class='ocrx_word' id='word_1_361' title='bbox 737 2756 779 2781; x_wconf 88' lang='lat' dir='ltr'>esse</span> <span class='ocrx_word' id='word_1_362' title='bbox 800 2745 842 2783; x_wconf 88' lang='lat' dir='ltr'>voci</span> <span class='ocrx_word' id='word_1_363' title='bbox 865 2742 967 2785; x_wconf 75' lang='grc' dir='ltr'><strong><em>ἀθάνατοι</em></strong></span> <span class='ocrx_word' id='word_1_364' title='bbox 985 2751 1036 2794; x_wconf 85' lang='lat' dir='ltr'>putat</span> 
     </span>
     <span class='ocr_line' id='line_1_35' title="bbox 76 2798 1035 2858; baseline -0.002 -14"><span class='ocrx_word' id='word_1_365' title='bbox 76 2806 146 2845; x_wconf 88' lang='lat' dir='ltr'>Deinde</span> <span class='ocrx_word' id='word_1_366' title='bbox 166 2803 231 2858; x_wconf 84' lang='lat' dir='ltr'>scripsi</span> <span class='ocrx_word' id='word_1_367' title='bbox 250 2799 356 2853; x_wconf 76' lang='grc' dir='ltr'><strong><em>μετουσίαν</em></strong></span> <span class='ocrx_word' id='word_1_368' title='bbox 378 2800 437 2855; x_wconf 79' lang='grc' dir='ltr'><strong><em>ἔχων,</em></strong></span> <span class='ocrx_word' id='word_1_369' title='bbox 453 2798 475 2855; x_wconf 78' lang='grc' dir='ltr'>ἢν</span> <span class='ocrx_word' id='word_1_370' title='bbox 491 2817 506 2843; x_wconf 86' lang='grc' dir='ltr'>υ,</span> <span class='ocrx_word' id='word_1_371' title='bbox 524 2804 544 2853; x_wconf 84' lang='grc'>0,</span> <span class='ocrx_word' id='word_1_372' title='bbox 571 2805 593 2852; x_wconf 77' lang='lat' dir='ltr'>G,</span> <span class='ocrx_word' id='word_1_373' title='bbox 610 2809 628 2841; x_wconf 91' lang='lat' dir='ltr'>ut</span> <span class='ocrx_word' id='word_1_374' title='bbox 642 2814 676 2852; x_wconf 88' lang='lat' dir='ltr'>per</span> <span class='ocrx_word' id='word_1_375' title='bbox 691 2803 807 2851; x_wconf 73' lang='lat' dir='ltr'>hyperbaton</span> <span class='ocrx_word' id='word_1_376' title='bbox 823 2805 945 2843; x_wconf 83' lang='lat' dir='ltr'>referaturad</span> <span class='ocrx_word' id='word_1_377' title='bbox 962 2804 1035 2853; x_wconf 84' lang='lat' dir='ltr'>animas,</span> 
     </span>
     <span class='ocr_line' id='line_1_36' title="bbox 77 2858 1035 2916; baseline -0.002 -12"><span class='ocrx_word' id='word_1_378' title='bbox 77 2861 199 2916; x_wconf 78' lang='grc' dir='ltr'><strong><em>μετουσίαν,</em></strong></span> <span class='ocrx_word' id='word_1_379' title='bbox 213 2858 236 2913; x_wconf 74' lang='grc' dir='ltr'>ἣν</span> <span class='ocrx_word' id='word_1_380' title='bbox 248 2861 267 2911; x_wconf 80' lang='lat' dir='ltr'>C,</span> <span class='ocrx_word' id='word_1_381' title='bbox 282 2860 396 2911; x_wconf 75' lang='grc' dir='ltr'><strong><em>μετουσίαν,</em></strong></span> <span class='ocrx_word' id='word_1_382' title='bbox 411 2861 423 2913; x_wconf 75' lang='grc' dir='ltr'><strong>ᾑ</strong></span> <span class='ocrx_word' id='word_1_383' title='bbox 440 2863 452 2900; x_wconf 89' lang='lat' dir='ltr'>S</span> <span class='ocrx_word' id='word_1_384' title='bbox 469 2868 545 2901; x_wconf 88' lang='lat' dir='ltr'>auctore</span> <span class='ocrx_word' id='word_1_385' title='bbox 570 2864 599 2901; x_wconf 87' lang='lat' dir='ltr'>vel</span> <span class='ocrx_word' id='word_1_386' title='bbox 615 2862 703 2911; x_wconf 84' lang='lat' dir='ltr'>virgulam</span> <span class='ocrx_word' id='word_1_387' title='bbox 718 2864 822 2910; x_wconf 90' lang='lat' dir='ltr'>ponendam</span> <span class='ocrx_word' id='word_1_388' title='bbox 838 2870 881 2913; x_wconf 89' lang='lat' dir='ltr'>post</span> <span class='ocrx_word' id='word_1_389' title='bbox 897 2860 1005 2912; x_wconf 77' lang='grc' dir='ltr'><strong><em>ἑλκόμενοι.</em></strong></span> <span class='ocrx_word' id='word_1_390' title='bbox 1023 2866 1035 2902; x_wconf 88' lang='lat' dir='ltr'>S</span> 
     </span>
     <span class='ocr_line' id='line_1_37' title="bbox 79 2918 1036 2973; baseline 0.001 -13"><span class='ocrx_word' id='word_1_391' title='bbox 79 2927 105 2973; x_wconf 76' lang='lat' dir='ltr'>l),</span> <span class='ocrx_word' id='word_1_392' title='bbox 122 2923 152 2972; x_wconf 92' lang='lat' dir='ltr'>qui</span> <span class='ocrx_word' id='word_1_393' title='bbox 167 2922 221 2961; x_wconf 90' lang='lat' dir='ltr'>etiam</span> <span class='ocrx_word' id='word_1_394' title='bbox 237 2922 302 2959; x_wconf 81' lang='lat' dir='ltr'>maurili</span> <span class='ocrx_word' id='word_1_395' title='bbox 322 2918 403 2966; x_wconf 74' lang='grc' dir='ltr'><strong><em>πάντας</em></strong></span> <span class='ocrx_word' id='word_1_396' title='bbox 424 2934 442 2970; x_wconf 88' lang='lat' dir='ltr'>p.</span> <span class='ocrx_word' id='word_1_397' title='bbox 458 2918 545 2970; x_wconf 76' lang='grc' dir='ltr'><strong><em>πάντων,</em></strong></span> <span class='ocrx_word' id='word_1_398' title='bbox 570 2924 617 2960; x_wconf 87' lang='lat' dir='ltr'>illam</span> <span class='ocrx_word' id='word_1_399' title='bbox 632 2932 697 2959; x_wconf 83' lang='lat' dir='ltr'>vocem</span> <span class='ocrx_word' id='word_1_400' title='bbox 714 2933 724 2958; x_wconf 84' lang='lat' dir='ltr'>a</span> <span class='ocrx_word' id='word_1_401' title='bbox 740 2922 814 2960; x_wconf 88' lang='lat' dir='ltr'>librario</span> <span class='ocrx_word' id='word_1_402' title='bbox 832 2926 908 2972; x_wconf 82' lang='lat' dir='ltr'>quodam</span> <span class='ocrx_word' id='word_1_403' title='bbox 925 2922 1036 2972; x_wconf 89' lang='lat' dir='ltr'>adscriptam</span> 
     </span>
     <span class='ocr_line' id='line_1_38' title="bbox 76 2977 1035 3037; baseline 0.001 -15"><span class='ocrx_word' id='word_1_404' title='bbox 76 2982 222 3032; x_wconf 88' lang='lat' dir='ltr'>interpunctione</span> <span class='ocrx_word' id='word_1_405' title='bbox 238 2982 284 3019; x_wconf 86' lang='lat' dir='ltr'>lacta</span> <span class='ocrx_word' id='word_1_406' title='bbox 300 2993 335 3019; x_wconf 88' lang='lat' dir='ltr'>non</span> <span class='ocrx_word' id='word_1_407' title='bbox 346 2986 389 3031; x_wconf 90' lang='lat' dir='ltr'>post</span> <span class='ocrx_word' id='word_1_408' title='bbox 399 2977 498 3033; x_wconf 84' lang='grc' dir='ltr'><strong><em>αἱψοχαί,</em></strong></span> <span class='ocrx_word' id='word_1_409' title='bbox 511 2983 543 3019; x_wconf 91' lang='lat' dir='ltr'>sed</span> <span class='ocrx_word' id='word_1_410' title='bbox 570 2993 610 3020; x_wconf 90' lang='lat' dir='ltr'>esso</span> <span class='ocrx_word' id='word_1_411' title='bbox 627 2980 717 3030; x_wconf 85' lang='lat' dir='ltr'>opinatur.</span> <span class='ocrx_word' id='word_1_412' title='bbox 751 2983 770 3020; x_wconf 92' lang='lat' dir='ltr'>ln</span> <span class='ocrx_word' id='word_1_413' title='bbox 787 2982 803 3020; x_wconf 85' lang='lat'>0</span> <span class='ocrx_word' id='word_1_414' title='bbox 817 2984 840 3020; x_wconf 86' lang='lat' dir='ltr'>ad</span> <span class='ocrx_word' id='word_1_415' title='bbox 854 2995 903 3022; x_wconf 90' lang='lat' dir='ltr'>oram</span> <span class='ocrx_word' id='word_1_416' title='bbox 919 2978 972 3020; x_wconf 86' lang='grc' dir='ltr'><strong><em>νόθα</em></strong></span> <span class='ocrx_word' id='word_1_417' title='bbox 989 2980 1035 3037; x_wconf 67' lang='grc' dir='ltr'><strong><em>περὶ</em></strong></span> 
     </span>
     <span class='ocr_line' id='line_1_39' title="bbox 76 3037 975 3095; baseline -0.002 -13"><span class='ocrx_word' id='word_1_418' title='bbox 76 3048 119 3093; x_wconf 89' lang='lat' dir='ltr'>post</span> <span class='ocrx_word' id='word_1_419' title='bbox 135 3038 266 3095; x_wconf 79' lang='grc' dir='ltr'><strong><em>αναπνεόνοεν</em></strong></span> <span class='ocrx_word' id='word_1_420' title='bbox 282 3037 429 3090; x_wconf 75' lang='grc' dir='ltr'><strong><em>(όναπνέουσαι</em></strong></span> <span class='ocrx_word' id='word_1_421' title='bbox 445 3040 459 3077; x_wconf 84' lang='lat' dir='ltr'>C</span> <span class='ocrx_word' id='word_1_422' title='bbox 475 3042 507 3090; x_wconf 84' lang='grc' dir='ltr'>Ο).</span> <span class='ocrx_word' id='word_1_423' title='bbox 568 3039 647 3092; x_wconf 72' lang='grc' dir='ltr'><strong><em>μορφῆς</em></strong></span> <span class='ocrx_word' id='word_1_424' title='bbox 662 3039 719 3087; x_wconf 68' lang='grc' dir='ltr'><strong><em>θεοῦ,</em></strong></span> <span class='ocrx_word' id='word_1_425' title='bbox 735 3042 758 3079; x_wconf 91' lang='lat' dir='ltr'>ad</span> <span class='ocrx_word' id='word_1_426' title='bbox 773 3041 866 3090; x_wconf 87' lang='lat' dir='ltr'>sequentia</span> <span class='ocrx_word' id='word_1_427' title='bbox 882 3047 975 3092; x_wconf 86' lang='lat' dir='ltr'>spectans.</span> 
     </span>
    </p>

    <p class='ocr_par' dir='ltr' id='par_1_7' title="bbox 108 3094 762 3143">
     <span class='ocr_line' id='line_1_40' title="bbox 108 3094 762 3143; baseline -0.005 -3"><span class='ocrx_word' id='word_1_428' title='bbox 108 3106 126 3141; x_wconf 84' lang='lat'>2.</span> <span class='ocrx_word' id='word_1_429' title='bbox 157 3095 191 3139; x_wconf 75' lang='lat' dir='ltr'>act</span> <span class='ocrx_word' id='word_1_430' title='bbox 207 3096 223 3140; x_wconf 83' lang='grc' dir='ltr'>εὶ</span> <span class='ocrx_word' id='word_1_431' title='bbox 239 3099 260 3138; x_wconf 87' lang='lat'>0.</span> <span class='ocrx_word' id='word_1_432' title='bbox 599 3101 617 3137; x_wconf 81' lang='lat'>5.</span> <span class='ocrx_word' id='word_1_433' title='bbox 646 3094 762 3143; x_wconf 71' lang='grc' dir='ltr'><strong><em>όνόδεοεθ.</em></strong></span> 
     </span>
    </p>

    <p class='ocr_par' dir='ltr' id='par_1_8' title="bbox 79 3149 814 3270">
     <span class='ocr_line' id='line_1_41' title="bbox 107 3149 814 3207; baseline -0.003 -9"><span class='ocrx_word' id='word_1_434' title='bbox 107 3164 126 3200; x_wconf 86' lang='grc'>3.</span> <span class='ocrx_word' id='word_1_435' title='bbox 156 3159 204 3197; x_wconf 85' lang='lat' dir='ltr'>(lin</span> <span class='ocrx_word' id='word_1_436' title='bbox 220 3170 277 3207; x_wconf 76' lang='lat' dir='ltr'>marg.</span> <span class='ocrx_word' id='word_1_437' title='bbox 294 3149 327 3196; x_wconf 78' lang='grc' dir='ltr'>ταὶ</span> <span class='ocrx_word' id='word_1_438' title='bbox 348 3168 388 3194; x_wconf 90' lang='lat' dir='ltr'>oum</span> <span class='ocrx_word' id='word_1_439' title='bbox 404 3158 458 3207; x_wconf 74' lang='lat' dir='ltr'>signo</span> <span class='ocrx_word' id='word_1_440' title='bbox 477 3159 544 3197; x_wconf 90' lang='lat' dir='ltr'>adlo-</span> <span class='ocrx_word' id='word_1_441' title='bbox 598 3162 616 3196; x_wconf 84' lang='grc'>6.</span> <span class='ocrx_word' id='word_1_442' title='bbox 647 3157 690 3202; x_wconf 79' lang='grc' dir='ltr'>πῶς</span> <span class='ocrx_word' id='word_1_443' title='bbox 706 3154 726 3196; x_wconf 83' lang='lat' dir='ltr'>tt</span> <span class='ocrx_word' id='word_1_444' title='bbox 742 3170 777 3197; x_wconf 92' lang='lat' dir='ltr'>om.</span> <span class='ocrx_word' id='word_1_445' title='bbox 794 3159 814 3196; x_wconf 86' lang='lat' dir='ltr'>O.</span> 
     </span>
     <span class='ocr_line' id='line_1_42' title="bbox 79 3213 752 3270; baseline -0.003 -14"><span class='ocrx_word' id='word_1_446' title='bbox 79 3231 119 3258; x_wconf 90' lang='lat' dir='ltr'>cum</span> <span class='ocrx_word' id='word_1_447' title='bbox 135 3223 175 3258; x_wconf 86' lang='lat' dir='ltr'>ante</span> <span class='ocrx_word' id='word_1_448' title='bbox 191 3213 218 3263; x_wconf 77' lang='grc' dir='ltr'>ὡς</span> <span class='ocrx_word' id='word_1_449' title='bbox 233 3219 330 3256; x_wconf 78' lang='lat' dir='ltr'>referente.</span> <span class='ocrx_word' id='word_1_450' title='bbox 356 3216 397 3265; x_wconf 83' lang='lat' dir='ltr'>Ego</span> <span class='ocrx_word' id='word_1_451' title='bbox 413 3217 506 3255; x_wconf 87' lang='lat' dir='ltr'>maluerim</span> <span class='ocrx_word' id='word_1_452' title='bbox 516 3213 544 3262; x_wconf 80' lang='grc' dir='ltr'>ὡς</span> <span class='ocrx_word' id='word_1_453' title='bbox 598 3219 616 3256; x_wconf 84' lang='grc'>7.</span> <span class='ocrx_word' id='word_1_454' title='bbox 646 3214 717 3270; x_wconf 80' lang='grc' dir='ltr'><strong><em>ἑρείσει</em></strong></span> <span class='ocrx_word' id='word_1_455' title='bbox 732 3217 752 3255; x_wconf 87' lang='grc' dir='ltr'>Ο.</span> 
     </span>
    </p>
   </div>
   <div class='ocr_carea' id='block_1_5' title="bbox 0 0 1142 3612">
    <p class='ocr_par' dir='ltr' id='par_1_9' title="bbox 0 0 1142 3612">
     <span class='ocr_line' id='line_1_43' title="bbox 0 0 1142 3612; baseline 0 4"><span class='ocrx_word' id='word_1_456' title='bbox 0 0 1142 3612; x_wconf 95' lang='lat' dir='ltr'> </span> 
     </span>
    </p>
   </div>
  </div>
 </body>
</html>
