2276 3612
102 449 190 487 θεοθαι
207 446 256 503 περί
272 437 302 491 ὧν
319 443 427 502 υηρόοοα,
444 445 491 488 ἐπεί
507 446 569 489 ποίοα
585 444 652 501 ὑμῶν
674 442 688 499 5
704 443 771 492 πόλις
787 441 856 500 α”ρόην
876 437 1005 487 α’πολεῖται
1043 437 1070 485 δι’

104 510 133 566 ἢν
149 514 172 558 55
196 516 273 561 αἰτίαν
292 516 348 571 όμῐν
369 515 444 561 ταυτα
468 509 615 572 ὡμολόγησα,
634 514 717 558 εἰδέναι
739 511 801 568 ὑμοῖς
823 514 888 557 θέλω.
926 509 1011 567 ταύτης
1030 513 1070 564 της

104 579 185 633 νυκτός
200 581 291 642 όίηνιλοί
305 605 335 642 με
352 586 394 630 του
410 586 476 637 θεον,
491 582 531 630 τόν
547 583 626 642 οίοεβη,
641 580 669 632 οἷς
685 579 767 643 ἐχθρόν
785 580 840 626 ὄντα
856 581 941 641 τῷτης
957 580 1070 636 οίληθείας

104 648 193 709 κηρυκι,
214 656 291 707 555an
313 656 457 713 ἐμαστίγουν.
493 653 616 710 παρακαλῶ
637 648 693 706 οὖν,
715 648 770 708 μηθ’
790 650 819 697 ιλν
838 649 907 703 αὐτὸς
927 650 968 711 ἐμοί
989 650 1084 697 ι’ίλλοτιο

102 722 279 770 ἐπελθώννατα
275 723 409 782 Πέτρου
400 728 516 787 επιχιιοολν
532 726 623 782 55yw,p
614 742 648 781 ιη
643 719 746 768 αποιλε
736 724 806 779 ηοθε
818 742 855 779 με
886 728 918 775 550
921 724 1069 779 μολογουμαι

101 790 145 851 γοίρ
160 796 192 852 ὑμ
186 806 229 841 ιῑν·
245 793 285 854 ἐγώ
301 793 385 852 μοίγος,
401 795 441 853 ἐγώ
457 793 557 845 πλανος,
573 792 613 852 ἐγώ
629 793 690 875 ηόης.
727 797 796 845 55aoar
817 794 934 873 γαρῖοας,
956 793 1069 850 μετανοία

102 860 256 910 οίπολυοαι
229 885 257 910 τα
273 868 470 923 προπεπραγμὲνα
486 885 527 923 μοι
543 862 710 921 οίμαρτήματα.

136 935 203 977 XX.
237 937 316 981 Ταυτα
337 938 379 981 του
404 938 492 994 Πέτρου
513 933 701 991 υποτιθευένου,
724 934 786 987 0555,
808 938 862 989 555,
884 929 1000 990 όπατηο,
1024 931 1067 983 ὅτι

100 1002 191 1061 βούλευ
209 1003 242 1051 5r5
258 1004 291 1063 μη
307 1006 387 1089 ηοίμνε
422 1008 472 1062 ἐμοί
494 1002 537 1064 755
554 1004 595 1064 οὐχ
616 997 687 1061 ἧττον
709 1003 833 1060 pra55osr'
824 1013 891 1047 εσεῐοι
907 1001 1001 1048 ἐλθόντι
1017 1003 1067 1046 5ru-
1056 1015 1092 1047 -1d

100 1075 257 1135 λεχθῆναι,η
242 1096 256 1121 ο
273 1073 314 1137 χρη
330 1079 378 1133 περί
395 1079 435 1122 σου
451 1078 605 1132 διαλέγεσθαι.
642 1076 678 1119 ναί
699 1072 711 1118 5
727 1075 814 1129 Πέτρος
839 1073 910 1118 πόλιν
930 1073 1065 1118 ὑπετίθετο·

101 1142 157 1191 ὅταν
173 1141 217 1191 οὖν
232 1147 316 1205 νοηοης
331 1144 374 1204 την
390 1143 458 1191 πόλιν
475 1146 670 1202 μεταβαλομένην
686 1147 728 1190 του
744 1147 837 1201 μίσους,
859 1145 1022 1198 ἐπιθυμοῦσαν
1044 1144 1066 1188 55

100 1217 156 1261 ἰιλεῑν
171 1213 247 1272 ἡμας,
262 1219 357 1274 πέμψας
373 1213 471 1274 θηλωοόν
487 1234 540 1270 μοι,
557 1217 592 1260 υαί
614 1211 697 1260 αὐτόθι
718 1210 939 1272 ἐπινυταληψόμεθοί
963 1231 992 1258 σε.
1028 1231 1066 1271 ya-

99 1286 236 1342 νόμενοςιλί
253 1292 295 1332 ἐκεῖ
310 1283 445 1343 αὐθημεοον
466 1282 509 1341 την
531 1281 654 1342 οίλλοτρίαν
673 1303 713 1330 σου
727 1281 819 1342 μορφην
835 1282 951 1333 οἷπελοίοας
966 1280 1010 1338 την
1025 1281 1066 1339 νην

99 1366 144 1406 τοῖς
159 1367 205 1405 σοῖς
221 1359 257 1402 ναί
274 1359 329 1402 ποῖοι
346 1366 392 1405 τοῖς
408 1353 484 1405 σίλλοις
500 1351 607 1404 οίπλανιός
623 1356 749 1410 (μαίνεσθαι
765 1354 858 1412 ποιήσω.
898 1354 973 1399 ταυτα
996 1350 1091 1397 εἷπολνλὸ

99 1436 197 1471 συνεῖναι
214 1424 273 1486 ου’τηλ
289 1423 342 1475 τοός
358 1425 429 1478 υἱοός,
445 1421 556 1483 οίιλελφοτλς
567 1427 589 1470 55
606 1425 685 1481 ἕμοός,
701 1427 792 1483 ἐποίησε
807 1426 842 1469 ταί
852 1424 983 1468 Ματτιιλίαν
993 1421 1009 1475 ¹,
1025 1418 1067 1478 την

98 1498 185 1553 μητέρα
201 1493 277 1553 ἡμῶν,
295 1499 331 1542 ααί
347 1498 390 1541 τῶν
408 1497 561 1553 ηνηοιωτέρων
577 1492 643 1544 τινοίς
657 1496 838 1554 ουναπέρχεοθαι
857 1495 978 1539 ἐκέλευσεν.
1014 1491 1027 1549 5
1043 1493 1065 1537 55

97 1565 173 1623 μήτηρ
188 1570 342 1612 ουναπελθιῑν
365 1561 422 1625 αὕτη]
443 1561 541 1622 ὀκνηρῶς
557 1566 600 1610 εἶδε
616 1566 738 1623 λέγουοαῖ·
764 1561 846 1624 μοιχοίς
865 1562 909 1621 γαρ
930 1564 1066 1615 chardamo]

97 1638 126 1692 τῇ
142 1636 246 1691 Σίμωνος
261 1637 361 1683 ουνουοα
376 1637 463 1693 μορφῇ.
501 1639 522 1680 εἰ
542 1632 561 1680 5’
577 1633 620 1693 όίρα
636 1637 817 1695 ουναπίρχεοθαι
837 1629 897 1691 αὐτῷ
916 1628 1066 1689 οἷναγναοθη-

98 1723 180 1760 σομαι,
196 1703 313 1751 οίιλιίνατον
328 1707 364 1751 ἐπὶ
387 1709 426 1762 της
448 1705 521 1761 αὐτῆς
540 1704 609 1766 ου’χης
629 1708 705 1764 κλίνης
727 1702 987 1764 ουγααταυλιθὴοεσθαι.
1024 1699 1091 1747 οόυ20

97 1774 147 1818 οἶιλα
164 1776 198 1828 55,
214 1779 234 1820 εἰ
250 1778 286 1821 ναὶ
303 1777 456 1821 ουνοπελθιῑν
472 1772 533 1833 αὐτῷ
550 1774 714 1833 πεισθήσομαι.
745 1774 860 1821 οὐνουοαν
873 1774 895 1818 55
910 1768 1065 1829 αὐτηνολπελ-

97 1917 149 1958 datis
165 1916 234 1970 iniis,
257 1917 283 1958 de
307 1914 385 1970 quibus
403 1917 488 1973 loquor,
513 1930 539 1958 ne
560 1917 614 1959 forte
638 1917 734 1971 oppidum
757 1921 847 1958 vestrum
870 1915 962 1957 funditus
985 1920 1064 1968 pereat.

96 1988 172 2028 Verum
189 1987 295 2029 enimvero
312 1987 366 2029 seire
383 2000 420 2029 vos
436 1988 496 2040 volo,
513 2000 550 2028 our
566 1987 619 2028 haeo
639 1987 745 2029 confitear.
776 1986 814 2027 Dei
829 1985 905 2039 Angeli
925 1998 958 2026 me
974 1985 1063 2039 impium,

96 2057 151 2110 qnod
166 2057 259 2098 inimicus
276 2069 342 2100 essem
359 2058 430 2098 nuntio
447 2058 546 2113 veritatis,
563 2058 601 2099 hae
618 2064 680 2100 noote
694 2058 826 2099 veliementer
840 2056 975 2111 flagellarunt.
1007 2056 1063 2097 Hor-

96 2131 129 2167 tor
145 2139 208 2182 ergo,
231 2140 257 2168 ne
280 2126 327 2169 mihi
348 2127 448 2179 credatis,
469 2129 549 2170 etiarnsi
570 2129 620 2171 adias
639 2130 725 2171 veniens
747 2130 828 2170 Petrum
851 2128 970 2170 calumnier.
1006 2127 1089 2169 Con-25

95 2196 156 2238 fiteor
172 2198 225 2238 enirn
240 2198 309 2241 robis:
333 2199 460 2252 egometipse
483 2211 528 2241 surn
547 2212 631 2254 magus,
655 2211 696 2253 ego
718 2200 827 2254 deceptor,
848 2211 889 2255 ego
911 2200 1062 2254 praestigiator.

94 2267 128 2308 Sia
144 2267 216 2309 iorsan
231 2268 288 2322 iicet,
303 2274 388 2322 peooata
404 2269 461 2322 prius
477 2282 488 2310 a
504 2283 537 2311 rne
553 2271 662 2311 commissa
679 2270 806 2324 poenitentia
823 2270 900 2312 delere.

152 2337 195 2380 XX.
226 2338 283 2386 Quae
300 2351 346 2379 oum
358 2339 492 2392 Petruspatri
503 2341 628 2382 mandasset:
644 2341 743 2397 intelligo,
760 2341 830 2394 inquit,
846 2340 894 2394 quid
906 2340 962 2382 veiis.
994 2338 1063 2387 baare

95 2421 121 2450 ne
137 2409 190 2450 ultra
205 2409 294 2452 iabores.
325 2409 376 2450 Nam
392 2423 455 2451 ourae
474 2411 523 2452 mibi
541 2413 591 2466 erit,
614 2425 660 2453 cum
681 2413 827 2464 interemero,
852 2416 874 2452 ut
895 2410 920 2451 de
942 2416 962 2452 te
982 2410 1061 2464 loquar,

95 2492 149 2534 quae
165 2482 286 2522 annuntiare
302 2494 335 2521 ine
351 2486 439 2533 oportet.
471 2481 551 2523 Deinde
567 2482 639 2524 Petrus
655 2482 755 2525 mandatis
772 2482 885 2536 subjunxit:
913 2481 999 2529 Quando
1021 2490 1087 2522 au-3o

95 2555 135 2592 tem
154 2551 226 2591 urbem
242 2551 290 2592 odio
306 2551 407 2594 desistere
423 2551 481 2593 vides
498 2564 522 2593 ao
546 2552 650 2595 desiderio
666 2566 705 2594 nos
720 2552 803 2595 ridendi
819 2553 875 2606 oapi,
899 2553 991 2593 nuntium
1014 2551 1061 2592 rniiri

95 2621 161 2674 mitte,
178 2626 197 2662 et
212 2622 278 2663 statim
294 2622 320 2663 ad
335 2628 356 2664 te
372 2624 534 2676 properabimus.
565 2624 589 2664 Et
606 2636 651 2664 ourn
668 2636 694 2664 eo
711 2636 801 2678 venero,
817 2624 902 2664 alienam
919 2623 1004 2663 formam
1017 2634 1028 2662 a
1040 2626 1060 2662 te

94 2691 182 2745 fugabo,
198 2696 295 2745 tuamque
312 2693 351 2733 tuis
368 2699 388 2734 et
403 2693 446 2734 aliis
464 2695 560 2737 omnibus
586 2694 642 2735 clare
661 2706 762 2748 apparare
784 2694 863 2735 faciam.
902 2693 980 2741 Quibus
1001 2692 1060 2733 dictis

94 2761 146 2803 filios
165 2762 222 2816 ejus,
238 2774 296 2803 meos
311 2762 434 2820 fratrese
435 2765 506 2807 Mat
507 2766 568 2807 rdiam
588 2771 673 2806 matrem
689 2771 782 2807 nostram
799 2770 819 2807 et
838 2765 936 2807 sodalium
959 2761 1060 2816 quosdam

95 2844 136 2872 una
152 2844 198 2873 cum
214 2844 239 2873 eo
256 2833 376 2888 prostoisoij
379 2837 435 2877 ussit
474 2836 515 2878 Sed
530 2841 596 2877 mater
617 2836 679 2877 invita
700 2849 746 2877 onrn
769 2848 794 2877 eo
820 2836 876 2877 abire
896 2833 1004 2876 videbatur
1025 2832 1059 2873 di·
1066 2838 1086 2869 3ο

95 2915 154 2945 oens:
170 2902 266 2944 Profecto
283 2902 374 2945 adultera
391 2905 438 2946 mibi
455 2919 502 2948 esse
518 2906 612 2961 viderer
632 2907 649 2947 si
666 2907 730 2948 vultui
747 2908 835 2950 Simonis
857 2918 925 2947 essem
941 2904 1058 2957 conjuncta.

95 2971 166 3026 Itaque
182 2973 199 3014 si
215 2985 286 3027 cogor,
302 2977 324 3012 ut
340 2985 385 3014 oum
402 2987 427 3016 eo
442 2976 521 3031 abeam,
538 2976 582 3017 fiori
598 2981 665 3017 tamen
682 2990 724 3019 non
734 2978 815 3031 poterit,
832 2983 852 3018 ut
863 2978 883 3017 in
896 2975 969 3016 eodem
982 2974 1059 3015 teotolo

91 3042 179 3096 Jaoeam.
210 3043 284 3086 Nescio
300 3047 374 3098 tamen,
393 3057 418 3085 an
428 3046 460 3087 vei
469 3046 590 3099 persuaderi
600 3045 647 3086 inibi
655 3047 728 3099 possit,
744 3054 766 3090 ut
775 3048 833 3090 simul
843 3060 888 3087 ourn
897 3057 922 3087 eo
931 3043 1059 3098 proficiscar.

125 3255 143 3291 1.
174 3251 292 3295 Ματθιδίαν
309 3254 331 3292 O.
615 3259 634 3294 2.
666 3254 752 3309 λίηονσα
769 3254 852 3303 suppleri
869 3265 892 3291 ex
908 3256 1022 3303 oonjeotura.
