2276 3612
539 208 582 254 215
945 212 966 262 X,
983 215 1002 253 4.
1019 214 1037 252 5.

79 343 116 375 coo
130 319 173 382 ἦν,
187 320 215 374 οἷς
231 319 338 385 οἷθανόαφ
354 324 441 384 σόμαει
457 325 498 371 cod
511 321 587 384 α’λγεῑν
601 336 682 386 πεῖραν
697 331 778 387 λαβεῖν
792 323 827 386 μη
843 325 984 384 δαιόμενος,
999 326 1037 375 tra

79 400 101 445 δὲ
114 393 231 454 ἦμαθτέδι
250 393 278 446 ⁰56
292 397 379 457 e’pdigl
395 397 431 443 uod
446 398 474 456 αφ’
490 393 532 454 πρὸ
548 393 620 455 odada
639 401 765 460 ἐδείξαμεν,
787 398 817 450 cr‘o
837 399 919 448 δούλας
941 395 1037 457 poposcis

78 471 117 525 τῆς
132 462 247 525 δμαθῑῖᾱς
261 470 333 514 πᾶσιν
348 464 448 513 ὑπέπεσε
462 476 509 516 ’ναῖς
524 465 676 524 παθήμασιν,
700 469 794 518 πάντων
809 471 884 517 καλῶν
900 469 973 529 δικαίη
989 470 1037 527 αρί-

6 528 13 547 *
79 556 109 587 σει
121 537 244 593 στερηθείς.
274 533 304 584 ov'
314 533 510 596 γδρεδλογονιῖν,
526 538 699 590 auctionatum
714 541 934 600 ἐγκαταλειφθέντος
950 536 977 585 σοι’
998 541 1036 585 δο-

9 643 10 646 =
76 609 147 656 θέντα
163 608 305 664 παραμένειν
320 617 365 658 τοῖς
380 603 516 665 οἷγνιόμοσιν.
546 605 1051 670 iasottinepptotiov'opooo'ooriniontop-c

11 681 12 685 ’
76 679 140 743 χνόας
156 673 211 734 πρός
226 674 251 722 τό
267 674 410 734 οἷπολαβεῑν2
430 675 491 736 ημᾶς
506 676 555 737 δμα
571 688 616 729 coir
632 678 726 736 πρόεσις
746 682 781 727 aod
797 681 824 727 εδ
839 680 938 740 ἐσόμενα
954 677 1035 727 αιίόνια

5 775 8 802 g
75 744 164 807 ἁγαθοὶ,
182 746 222 792 cdo
243 744 317 794 αόιοι]
336 752 426 806 ἔπεμψε
442 746 569 807 προφηαην.
608 746 658 793 ὅδὲ
672 746 790 807 προφήτης
806 749 862 809 πρός
882 749 944 807 ὑμεῖς
960 751 1035 809 λέγειν

3 817 10 833 ⁵
74 816 145 875 ripifi
159 813 174 861 δ
189 817 221 862 δεῖ
236 828 325 875 φρονεῖν
346 819 383 864 aot
398 828 471 865 ποιεῖν
485 819 617 865 ἐνετείλατο.
651 821 729 865 ἕλεσθε
744 815 798 873 οὖν,
815 818 826 864 ὃ
841 821 877 865 ἐπὶ
891 821 919 878 οη
934 818 1034 878 ὑμετέρα

1 884 7 939 f
74 898 141 935 νεῖται
156 887 249 947 ἐξουσία.
279 885 294 933 δ
308 890 353 945 μὲν
364 881 406 935 σόν
421 889 453 934 δεῖ
467 897 566 946 φρονεῖν,
581 888 627 934 ἐστὶ
644 890 730 934 rocoa·
745 883 786 934 σόν
801 886 877 932 πόνια
893 888 1032 948 πεποιηκότα

6 948 9 983 {³
75 958 149 1015 σέβειν
165 954 237 1010 (atto,
259 954 286 1002 δν
300 954 329 1003 oio
345 954 477 1016 οἷπολόβηαε
492 958 521 1015 αφ
536 959 579 1017 νῷ,
600 956 656 1002 ἐπ”*
672 955 745 1004 αὐτοῦ
761 952 911 1012 ἀπολήψεσθε
925 957 973 1015 ἅμα
986 967 1057 1009 εοῑς1ῠ

73 1025 168 1085 πρόεσις
181 1028 257 1078 καλοῖς
271 1029 307 1073 ααὶ
323 1025 351 1074 cd
365 1025 462 1085 ἐσόμενα
479 1026 558 1072 αἰώνια
575 1025 662 1085 cyperi,

127 1097 150 1139 V.
180 1097 260 1142 Πεῖσαι
281 1093 323 1143 οὖν
345 1093 441 1148 ἑανεοδς
459 1095 517 1155 πρὸς
531 1093 559 1141 ιδ
576 1099 721 1154 σνμφὲρονια
736 1094 873 1155 δννησεσθε,
896 1097 979 1153 ἐόνπερ
1001 1099 1030 1156 api

71 1163 223 1226 ἐμφωλεύονιι
238 1170 263 1212 ἐν
280 1168 308 1226 τῇ
323 1164 421 1226 όμεσέρφ
436 1167 514 1227 ιιαρδίφ
529 1167 592 1227 δεινῷ
608 1165 659 1223 όφει
680 1162 754 1224 ὥσπερ
780 1165 902 1225 ἐπᾴδοντες
924 1166 1027 1225 λε’γηεε5·

72 1233 159 1294 Κύριον
174 1231 215 1282 τόν
234 1232 293 1284 Θεὸν
309 1234 433 1296 φοβηθηση
449 1237 485 1282 καὶ
502 1232 562 1295 αόιςό
577 1235 641 1294 μόναι
657 1233 792 1293 λατρεύσεις.
825 1232 867 1281 ’Ea
883 1233 969 1287 παντός
985 1232 1029 1284 σόν

71 1305 181 1365 λογισμοῠ
195 1308 302 1365 συμφέρει
319 1306 343 1352 ad
367 1301 436 1351 αόιόν
455 1304 530 1363 μόνον
551 1307 688 1364 φοβεῖσθαι,
712 1301 753 1367 οὐχ
775 1303 803 1357 οἷς
825 1304 915 1359 ἄδικον,
938 1304 985 1352 dtt’
1000 1307 1053 1358 ciros

2 1380 4 1398 d
71 1379 163 1424 dinosco·
193 1378 229 1422 ααὶ
245 1374 288 1434 νδρ
304 1374 383 1423 dorato
398 1393 432 1425 εις
448 1379 564 1434 φοβεῑιαι,
580 1374 613 1435 μὴ
633 1372 711 1426 όδίαοις
726 1374 852 1436 οἷναιρεθη,
875 1379 911 1423 καὶ
933 1372 973 1422 τόν
995 1377 1029 1422 δι’·

0 1465 3 1498 4
70 1465 144 1501 ααιον,
159 1443 210 1505 μη6
223 1446 325 1506 οἷμαρείηι
340 1444 452 1505 φωραθεὶς
467 1448 594 1505 ειμαρηθῄ.
624 1443 728 1493 δύνασθε
742 1442 784 1493 οὖν
800 1451 824 1492 ἐν
840 1447 870 1507 τη]
886 1442 943 1503 πρός
958 1442 1029 1491 αὐτόν

70 1516 131 1577 φόβῳ
147 1517 236 1563 πολλῶν
252 1517 296 1562 τόν
311 1516 462 1575 ἐπιβλαβών7
478 1514 639 1574 οὶπαλλαφηναι
655 1517 739 1575 φόβων.
769 1523 809 1562 ἕνα
824 1513 867 1574 γαρ
882 1514 1028 1573 αόνζποὶνιων

70 1585 146 1644 νόριον
162 1587 198 1632 καὶ
214 1583 312 1645 ποιηαην
331 1582 372 1633 ἐόν
386 1585 420 1645 μὴ
436 1588 543 1646 φοβῆσθε
550 1585 567 1640 ⁸,
582 1584 676 1632 πόντων
695 1588 740 1632 roto
755 1587 829 1633 ααιιώα
849 1588 927 1632 doctor
947 1586 984 1631 ἐπὶ
999 1587 1028 1644 νη

68 1729 87 1770 in
103 1739 192 1782 corpore
207 1727 314 1769 immortali
330 1729 490 1783 experimentum
514 1728 592 1772 doloris
616 1741 690 1784 capere
710 1720 752 1772 non
773 1734 861 1784 poterat.
897 1728 935 1771 Ubi
958 1734 1052 1781 arrtem20

68 1800 167 1855 peccavit,
183 1788 236 1841 sicut
251 1798 283 1840 die
297 1798 396 1842 hesterno
413 1800 500 1843 etiHum
515 1799 654 1854 praecedente
677 1801 813 1855 ostendimus,
834 1805 938 1854 tamquam
959 1800 1026 1842 factus

67 1882 139 1913 servus
154 1870 234 1924 peccati
250 1870 327 1912 cunctis
341 1871 509 1925 perpessionibus
524 1870 626 1925 subjacuit
649 1876 669 1913 et
684 1871 777 1913 omnibus
800 1871 861 1913 honis
877 1872 934 1925 Justo
946 1870 1025 1924 judicio

66 1943 155 1995 privatus
171 1946 207 1984 est.
238 1940 296 1982 Haud
312 1941 364 1983 enim
380 1954 469 1996 aequum
483 1941 567 1997 fuisset,
584 1946 607 1983 ut
621 1942 693 1985 relicto
711 1943 783 1986 datore
799 1941 846 1984 data
862 1941 919 1994 apud·
930 1942 1024 1995 ingratos

66 2018 177 2056 manerent.
207 2012 265 2055 Unde
280 2025 318 2066 per
334 2016 491 2065 exsuperantem
507 2011 676 2068 misericordiam7
697 2025 738 2067 qno
754 2024 796 2055 una
810 2024 856 2054 cum
870 2012 972 2065 prioribus
987 2010 1023 2052 iu-

67 2088 111 2126 tura
126 2097 210 2139 quoque
226 2090 310 2127 aeterna
326 2083 481 2137 perciperemus
496 2082 563 2138 hona,
578 2094 638 2126 suum
653 2084 706 2126 misit
715 2083 844 2138 proplietam.
875 2082 913 2131 Qui
925 2082 1048 2137 prophetam

66 2155 124 2198 nobis
140 2156 254 2210 praecepit,
271 2161 293 2198 ut
308 2154 423 2196 diceremus
439 2153 497 2196 vobis
514 2166 567 2208 quae
585 2154 661 2196 sentire
683 2159 703 2196 et
724 2155 794 2197 facere
815 2154 913 2196 debeatis.
949 2153 1023 2207 Eligite

67 2237 116 2279 ergo
133 2232 153 2269 et
168 2226 275 2280 capessite.
308 2225 330 2267 Id
344 2225 364 2265 in
380 2227 449 2267 vestra
470 2224 530 2267 situm
554 2230 586 2266 est
606 2229 715 2279 potestate.
750 2224 850 2279 Equidem
872 2236 925 2278 quac
946 2224 1023 2265 sentire

65 2295 154 2353 debetis,
169 2298 278 2340 istasunt:
294 2296 383 2339 omnium
399 2301 504 2338 auctorem
520 2295 586 2337 Deum
601 2298 706 2351 venerari,
722 2309 782 2351 quem
798 2297 815 2339 si
830 2300 899 2338 mente
914 2295 1022 2347 receperi-

65 2366 95 2424 tis,
110 2368 135 2409 ab
150 2368 194 2422 ipso
211 2379 256 2408 cum
272 2367 374 2420 prioribus
385 2366 498 2408 commodis
507 2365 576 2408 futura
590 2378 674 2421 quoque
685 2373 785 2421 perpetua
794 2368 850 2409 berra
862 2365 1022 2420 consequemini.

120 2439 143 2482 V.
173 2439 256 2482 Vosmet
270 2439 332 2493 igitur
346 2438 371 2480 ad
387 2437 441 2479 utilia
456 2437 550 2490 poteritis
565 2438 703 2492 persuadere,
720 2439 737 2479 si
752 2438 778 2480 ad
792 2438 905 2480 latitantem
914 2437 934 2478 in
949 2441 1045 2482 vestroto

64 2508 127 2551 corde
141 2505 247 2552 horridum
262 2513 380 2563 serpentem
395 2507 451 2550 vetut
464 2507 593 2550 incantantes
608 2508 709 2550 dixeritis:
730 2508 839 2550 Dominam
853 2509 920 2551 Deum
934 2519 1020 2548 recene-

64 2576 124 2632 beris,
137 2587 161 2627 Ιει
175 2581 206 2622 tta·
219 2579 259 2621 soit
274 2581 358 2622 cercior.
388 2579 419 2622 Ex
433 2583 476 2621 tota
492 2591 543 2633 ergo
559 2585 626 2621 mento
643 2580 738 2621 convenit
753 2592 800 2621 eum
809 2579 876 2623 solum
886 2579 961 2633 vereri,
978 2590 1020 2620 non

63 2654 85 2691 ut
98 2650 195 2706 iniquum,
211 2649 249 2693 sed
265 2655 287 2692 ut
299 2651 383 2705 justum.
414 2649 492 2691 Etenim
507 2650 598 2705 iniquum
612 2651 656 2705 quis
672 2655 756 2692 veretur
762 2683 767 2705 ,
783 2663 810 2692 ne
825 2651 894 2704 inique
911 2652 935 2691 de
950 2649 1017 2690 medio
1055 2697 1056 2702 ¹

63 2719 152 2773 tollatur,
164 2721 242 2776 Justum
251 2733 309 2777 vero,
325 2722 379 2763 nein
395 2725 480 2775 peccato
488 2719 629 2774 deprehensus
638 2732 717 2775 poenas
729 2721 770 2764 det.
800 2721 887 2765 Potestis
901 2723 969 2775 itaque
980 2733 1018 2773 per

63 2792 155 2835 timorem
164 2805 214 2848 erga
227 2791 281 2834 iilum
290 2792 383 2848 effugere
393 2792 549 2835 muitosnoxios
562 2798 634 2835 metus.
664 2792 730 2834 Unum
743 2793 796 2835 enim
813 2798 934 2835 cunctorum
950 2790 1041 2833 domi-35

62 2873 108 2904 uum
125 2869 145 2906 et
160 2869 275 2907 creatorem
291 2864 328 2906 nisi
343 2865 440 2921 timeatis,
462 2865 550 2907 omnium
572 2863 671 2906 malorum
686 2864 742 2907 servi
757 2876 832 2919 magno
849 2870 919 2906 vestro
935 2863 1016 2903 iucom-

92 2984 109 3021 1.
137 2979 187 3035 χθὲς
202 2984 224 3024 0.
579 2989 597 3023 d,
627 2984 652 3021 ita
668 2985 692 3034 t),
710 2980 740 3024 ὑπ’
759 2984 772 3022 C
789 2984 810 3023 Ο,

90 3045 109 3078 2.
140 3038 191 3094 πρὸς
206 3038 229 3082 τό
246 3039 354 3082 ἀπολαύειν
371 3043 384 3081 G
401 3056 423 3082 eu
439 3045 524 3094 oonjeot„
579 3048 596 3082 5.
626 3043 688 3082 idatth.
705 3048 725 3091 t,
742 3046 774 3082 id.

61 3094 113 3149 πρὸς
128 3099 155 3149 τῷ
171 3097 318 3142 tentaterit.
334 3102 352 3139 in
367 3108 424 3142 textu.
579 3107 596 3140 6.
627 3103 676 3141 Fert.
693 3103 795 3142 addendum
810 3095 840 3151 ἐφ’
857 3104 900 3148 post
915 3095 947 3152 μό.
965 3103 983 3141 S.

90 3161 108 3196 3.
139 3154 149 3197 ὁ
170 3155 190 3199 δὲ
210 3157 314 3216 προφήτης
334 3157 386 3213 ἡμᾶς
407 3159 459 3216 πρὸς
474 3157 526 3215 όμᾶς
578 3163 596 3198 7.
628 3159 729 3217 ἐπιλαβών
750 3162 764 3199 0
784 3161 801 3197 iu
816 3163 875 3207 teutu,
898 3155 1013 3214 ἐπιβλαβιόν

61 3212 181 3270 tipo-raiatia
197 3219 218 3257 0.
548 3219 566 3257 in
582 3231 640 3269 marg.
718 3223 737 3260 8.
766 3219 793 3258 lto
808 3219 832 3269 S,
848 3217 946 3273 φοβεῖσθε
962 3222 976 3262 C
992 3221 1013 3259 0.
