2276 3612
547 240 589 285 243
918 237 940 288 x,
957 239 983 275 re
997 259 1002 263 -
1016 239 1049 275 το.

87 358 265 423 μεμνημένους,
281 357 315 404 ὅτι
331 357 451 415 ω’ποσχέσει
467 351 566 410 γνώσεως
581 350 618 399 εἶπ’
635 353 702 417 ἀρχῆς
719 357 747 416 τῷ
767 352 843 413 ιιόσμω
861 347 966 397 utineam
984 354 1051 408 ἐξειρ-

88 432 174 493 χιλσοιτο
186 428 201 473 ¹.

142 500 194 546 XIX.
220 498 296 546 Ὅθεν
312 493 324 543 o‘
340 497 380 550 της
396 489 506 551 οἲληθείοις
522 490 638 554 προφήτης
655 496 714 543 aoid
730 493 770 542 τὸν
789 496 878 552 ιέσμον
900 492 1050 548 πεπλανημέ-

85 590 126 622 νον
142 566 203 620 εἰιλωίς
218 571 255 615 ωειλ
278 571 306 627 τη
326 565 392 623 νοτίην
413 563 558 619 συνθέμενον
576 561 629 610 ἰένίν
650 563 690 612 οὖν
711 567 814 625 ηγοίπησε
835 562 879 622 την
901 559 958 620 πρὸς
980 559 1051 608 ου’τέν

85 636 189 699 εἰρήνην,
201 635 229 689 ὥς
245 644 268 684 ἐκ
283 634 372 693 πλάνης
389 633 530 679 secedebat
561 632 596 679 ὅτι
612 639 644 686 εἰς
659 637 723 686 τέλος
737 636 838 692 ἐπιφέρει
853 636 909 680 πιλοι
930 642 977 682 τοῖς
992 630 1067 689 πρόςο

84 711 165 758 nonina
180 705 400 766 ὁμοχνωμονοῠσιν,
417 704 550 759 captetur
565 699 615 749 οἳντί
631 704 732 762 πλοίνης,
747 715 791 754 τοῖς
808 703 1050 763 νηυοσινῶσπερπυρ

86 778 192 840 ἐμβαλών
206 779 248 835 την
262 773 319 823 nond
335 777 377 821 τον
392 771 564 831 ἐνετλρειίσιιντος
584 771 653 831 ὀρχιίν
667 774 786 834 μοχοιίρηλ
801 778 910 828 enema,
926 773 1051 831 προτείνας

85 850 125 898 ιλέ5
140 849 208 907 λόχον
224 846 312 906 σ’νωιρεῑ
325 844 367 901 την
382 841 479 901 σ’ίχνοιιιν
494 861 522 903 τη
537 842 627 901 punicea,
642 842 716 901 denso
731 846 819 901 τέμνων
832 846 867 890 noi
882 846 977 905 χωρίζων
994 846 1050 899 ζων-

85 938 125 971 cor
141 915 187 965 οίπέ
202 921 252 967 τών,
262 917 353 974 ντιιρολν.
383 917 422 972 της
437 918 482 971 μέν
498 908 542 961 οὖν
557 916 636 966 neniae
651 911 699 961 dud
715 916 754 971 τῆς
770 915 873 971 νομίμου
891 915 992 972 γνώσεως
1011 931 1049 958 νι-

85 991 185 1047 τωμένης
201 988 300 1046 πόλεμος
317 997 400 1047 συνεῖχε
416 983 441 1031 τὸ
456 987 512 1031 ποῖν.
542 988 651 1044 σωτηρίοις
665 984 709 1044 χολρ
725 985 791 1047 χοίριν
807 984 856 1037 υἱὸς
871 983 966 1038 ὑπείξας
981 981 1077 1030 dett-to

85 1061 144 1109 θὀὖς
159 1061 272 1120 ἐχωρίζετο
291 1058 390 1114 πατρός,
406 1054 418 1114 ἢ
434 1058 470 1101 ταί
488 1053 563 1114 ποιτηρ
578 1058 672 1109 τέκνου,
689 1052 703 1111 ἦ
718 1056 815 1101 venetae
831 1051 958 1112 θυγατρός,
972 1052 988 1109 ηι
1002 1058 1047 1100 θυ-

84 1129 155 1189 χολτηρ
170 1127 269 1186 μητρὸς,
284 1131 320 1174 uni
337 1128 399 1180 λίποιξ
415 1125 453 1171 οἱ6
470 1135 582 1185 συγγενεῖς
599 1128 715 1185 σωχχενων
730 1125 767 1171 uui
784 1126 845 1181 φίλοι
860 1120 975 1181 συνήθων.

141 1201 184 1244 ΧΧ.
218 1199 263 1243 Καὶ
279 1196 362 1255 μήτις
378 1200 470 1256 λεγέτω·
493 1199 540 1248 πως
554 1198 623 1242 τοῦτο
644 1198 745 1250 ditator,
761 1196 897 1256 τχωρίζεσθοιι
920 1204 995 1252 γονεῖς
1010 1196 1048 1241 τέ-

87 1288 144 1318 ννων
160 1270 196 1315 nni
212 1271 279 1316 τέιινω
294 1271 378 1326 γονέων
383 1285 391 1322 ,·
407 1270 494 1315 τλίιιοιον
509 1270 545 1315 uui
555 1266 625 1314 ποίνυ.
657 1271 676 1313 εἰ
690 1266 733 1326 χείρ
744 1265 860 1318 συνόντες,
875 1260 935 1321 μετοί
950 1266 992 1310 τού
1000 1283 1048 1323 μη-

84 1343 121 1387 «tte
137 1336 221 1390 ου’τσῦς
235 1336 335 1397 ὠφελεῖν,
350 1342 386 1386 nod
402 1339 578 1387 συναπώλλυντο
595 1338 681 1392 αὐτοῖς,
696 1341 744 1391 πως
759 1334 786 1384 ου’
801 1331 966 1390 τλίιιοιισνςιινιλ7
982 1350 1076 1396 pepe-15

86 1412 169 1468 σιληνοιι
184 1408 224 1455 τὸν
238 1406 351 1465 σώζεσθαι
367 1411 468 1457 θέλοντα
491 1405 537 1454 dud
553 1410 595 1454 του
617 1406 651 1466 μη
672 1409 794 1463 θέλοντος,
818 1410 991 1456 συναπολέσθαι
1007 1404 1048 1452 δὲ8

84 1482 239 1539 βουλομένους
255 1477 311 1538 πρὸς
326 1477 417 1529 τούτοις
433 1478 483 1525 odit
499 1474 565 1525 ου’τοὶ
582 1483 602 1524 οἱ
618 1477 644 1524 τὸ
656 1488 755 1536 κρεῖττον
763 1477 897 1537 νενοσηκότος
906 1479 1048 1539 χωρισθῆναι

85 1624 206 1667 daemonum
222 1622 312 1666 consiliis
328 1634 442 1679 memores,
459 1634 505 1665 eum
521 1621 658 1677 promissione
669 1621 769 1665 scientiae
783 1620 860 1664 mundo
877 1621 902 1663 ab
912 1621 969 1664 initio
986 1633 1047 1665 mor-

79 1701 122 1738 tem
137 1706 268 1749 procreasse.

140 1765 191 1807 XIX.
220 1763 278 1806 Unde
294 1764 386 1807 veritatis
399 1764 511 1819 propheta,
527 1765 596 1807 sciens
612 1762 708 1805 mundum
726 1774 808 1805 errasse
823 1762 943 1820 plurimum,
964 1769 984 1806 et
1000 1768 1071 1807 ma-to

83 1835 136 1878 litiae
152 1836 284 1877 consensisse
298 1835 393 1890 intuitus,
409 1848 450 1877 non
468 1836 565 1889 expetivit
581 1847 652 1889 paoem
668 1834 708 1889 ito,
724 1839 747 1875 nt
763 1846 789 1874 ex
799 1846 875 1878 errore
888 1835 1046 1888 consistentem,

84 1905 118 1948 sed
134 1917 200 1960 usque
216 1904 241 1945 ed
257 1904 318 1945 smem
334 1910 420 1947 cunctos
436 1906 456 1946 in
473 1905 547 1947 matitia
563 1907 718 1948 eonsentientes
735 1910 847 1961 oppugnat,
865 1908 884 1946 et
899 1906 1007 1947 veritatem
1025 1907 1046 1947 in

83 1976 150 2017 iocum
166 1976 242 2017 erroris
258 1976 366 2033 proponit,
384 1989 407 2018 ac
423 1976 591 2031 resipiscentibus
606 1977 662 2020 velut
678 1977 747 2031 ignem
762 1977 849 2018 immittit
870 1976 920 2017 irem
942 1975 1044 2019 adversus

83 2046 230 2100 insidiatorem,
247 2058 300 2100 qnae
315 2046 381 2101 gladio
398 2048 466 2089 similis
483 2053 525 2103 est,
547 2047 672 2102 objectoque
693 2059 790 2090 sermone
812 2046 948 2101 ignorantiam
969 2050 1045 2103 cogni-

83 2116 138 2158 tione
154 2118 261 2173 interimit,
277 2118 335 2171 quasi
351 2118 448 2161 scindens
464 2131 489 2160 ae
504 2130 603 2172 separans
619 2119 677 2160 vivos
694 2131 705 2160 a
722 2117 815 2160 mortuis.
846 2116 917 2171 ltaque
934 2117 981 2159 dum
998 2126 1070 2161 ina-25

83 2187 122 2228 litia
137 2201 175 2242 per
189 2188 299 2243 legitimam
315 2189 455 2244 cognitionem
470 2190 600 2244 vincebatur,
617 2190 693 2231 beilum
708 2194 782 2231 cuncta
796 2188 867 2230 tenuit.
898 2187 948 2229 Nam
960 2195 1046 2243 propter

84 2258 167 2301 satutem
184 2258 237 2301 iilius
253 2258 341 2301 credens
356 2272 368 2301 a
382 2264 441 2313 patre
455 2259 562 2302 incredulo
580 2260 684 2313 separavit
699 2272 731 2315 se,
747 2260 781 2301 vei
796 2264 855 2313 pater
871 2258 941 2314 aiiiio,
956 2260 1046 2313 genitrix

85 2329 148 2386 afilia,
165 2331 203 2372 filia
214 2344 224 2372 a
234 2336 304 2384 matre,
321 2334 382 2385 atque
395 2331 476 2373 omnino
485 2331 595 2385 propinqui
607 2344 617 2372 a
631 2332 750 2385 propinquis
767 2336 787 2372 et
805 2330 863 2372 amici
879 2344 890 2371 a
906 2330 1044 2376 familiaribus.

140 2402 182 2444 XX.
214 2401 287 2456 Neque
303 2400 356 2443 dicat
372 2401 453 2455 aliquisz
475 2414 516 2455 quo
532 2401 594 2443 modo
611 2401 630 2442 id
643 2403 721 2456 justum
737 2400 809 2456 fuerit,
833 2402 926 2455 separari
947 2409 1045 2457 parentes

84 2471 192 2528 aiiberis,
208 2472 285 2514 liberos
301 2484 311 2513 a
328 2473 453 2526 perentibus.
484 2472 564 2514 Justum
581 2477 621 2527 est,
645 2478 665 2514 et
681 2472 747 2514 vaide.
785 2471 837 2514 Nam
860 2472 877 2514 si
900 2486 941 2516 una
965 2476 1069 2530 moratica

83 2549 226 2598 praeterquam
244 2542 299 2597 quod
316 2543 364 2585 nibil
380 2543 409 2584 eis
424 2542 547 2600 proderant,
562 2544 621 2586 etiam
638 2555 683 2584 cum
699 2542 737 2584 iilis
752 2542 856 2599 peribant,
873 2556 914 2598 quo
930 2550 989 2599 pacto
1006 2558 1044 2587 ae-

84 2623 145 2665 quum
160 2627 202 2657 non
219 2619 250 2655 est
265 2613 357 2667 separari
374 2627 429 2670 eum,
453 2613 486 2669 qni
502 2614 577 2656 salvari
598 2614 651 2669 vuit,
674 2613 699 2654 ab
717 2626 742 2655 eo
760 2613 795 2667 qni
811 2626 852 2655 non
868 2615 922 2671 vuit,
943 2616 980 2659 sed
1003 2628 1044 2657 una

83 2683 151 2736 perire
167 2685 227 2739 cupit.
258 2683 289 2725 Ad
305 2683 367 2742 baec,
383 2698 425 2728 non
440 2685 475 2740 iili,
492 2686 527 2739 qui
543 2685 598 2741 quod
613 2689 704 2740 praestat
720 2684 843 2740 intelligunt,
859 2685 936 2729 vellent
946 2689 1042 2744 separari,

114 2782 132 2818 1.
164 2782 210 2820 Vbb.
229 2777 373 2833 μεμνηιένοιις,
394 2777 425 2821 ὅτι
445 2777 549 2833 ὑποσχέσει
574 2782 601 2819 nis
616 2780 710 2819 scientiam
727 2781 809 2820 veritatis
826 2782 931 2832 opposuitr
972 2783 1043 2822 Deinde

81 2835 172 2888 γνώσεως
187 2835 219 2879 ιἰιέ
242 2835 303 2891 ἀρχῆς
319 2839 347 2889 τῷ
367 2837 436 2891 κόσμῳ
457 2836 549 2880 edomet
574 2852 611 2889 ego
626 2845 670 2889 post
685 2837 762 2892 πλοίνης
783 2846 873 2881 commate
894 2841 977 2892 distinxi,
1000 2855 1042 2894 non,

82 2892 209 2951 ἐξειργάσατο
225 2898 301 2947 largitus
317 2904 344 2936 est
360 2900 382 2938 0,
466 2912 467 2915 ’
574 2905 593 2938 ut
609 2900 632 2949 C,
648 2904 693 2948 post
708 2896 802 2952 νηψωσιν.
819 2902 837 2940 S.

111 2961 130 2997 2.
162 2959 213 3002 „Non
230 2957 316 2997 continuo
332 2970 396 3006 pacem
410 2961 476 2998 mundo
489 2959 506 2997 iu
519 2972 549 2997 er·
602 2961 621 2996 4.
651 2959 712 2997 itaut.
731 2963 763 3009 ro,
780 2963 813 2998 st.

81 3016 154 3054 roribus
171 3017 233 3067 posito
250 3016 311 3055 έοιλίυ(
330 3017 452 3067 RecognVi,
463 3022 481 3057 q,
498 3019 549 3057 Unde
603 3020 621 3054 5.
651 3013 672 3056 δὲ
689 3019 732 3058 add.
747 3032 763 3059 c.
780 3020 801 3058 0.

83 3074 226 3127 conjectaverim
235 3076 398 3115 essesoribendum
406 3076 549 3117 commetes,
604 3080 622 3113 6.
653 3072 675 3115 ui
691 3077 712 3116 0.

112 3137 130 3172 3.
160 3136 204 3174 Post
212 3130 315 3188 παραθεὶς
326 3136 378 3173 deest
391 3136 468 3185 aliquid:
484 3138 548 3186 supple
603 3138 621 3172 7.
653 3131 687 3174 τιυὶ
703 3136 783 3176 accessit
798 3146 820 3173 ex
836 3135 856 3172 0.

83 3185 181 3243 ἀληθειαν
196 3194 225 3233 vel
241 3195 317 3233 similem
326 3194 403 3243 aliquam
412 3208 483 3235 vocem.
512 3196 548 3234 Cir.
602 3195 621 3231 8.
653 3190 686 3234 καὶ
704 3195 724 3234 0.

84 3250 165 3301 Recogn.
181 3254 211 3303 Vi,
228 3256 250 3292 d:
270 3255 315 3298 „sed
331 3254 446 3302 ignorantiae
462 3256 501 3304 ejus
511 3255 548 3292 rui-

789 3327 838 3370 ror
