2276 3612
567 232 606 278 rar
869 233 906 285 vn,
924 233 1026 286 noir,
1044 239 1061 276 t.

98 349 223 400 νααοποιού
237 345 312 407 polyon
327 350 356 408 τῷ
373 348 423 406 Θεῷ
438 343 608 404 ἀποστήσαντες
624 349 742 409 ε’νοσήσατε
753 347 768 402 ¹,
788 343 816 394 δι’
835 349 894 405 ἐμοῦ
918 349 954 400 δὲ,
976 347 1017 394 εὀίν
1037 367 1062 394 τε

28 455 34 479 3
99 420 159 477 aurp]
174 418 318 477 πιστεύσητε,
334 417 467 474 tuo-atomos·
502 414 561 463 ου’τα
575 416 619 478 νιίρ
633 422 675 466 του
691 420 789 465 δυνατοῦ
804 414 847 476 τήν
863 418 959 474 πεῖραν2
974 414 1062 476 λοβόν-

100 510 148 543 ςςς,
164 490 201 533 ἐπὶ
217 488 242 535 τό
258 488 356 536 annotato
368 482 521 543 τραπόμενοι,
536 490 572 534 καί
587 488 628 540 τοὶς
643 485 717 551 ψυχας
734 485 883 547 ανασοιθῆναι
900 488 1041 545 δυνηθείητε.

31 556 34 621 J
155 559 197 603 ΧΗ.
232 560 310 605 Tuom
333 553 405 602 αὐτου
426 558 531 614 λέγοντος
556 562 577 603 οἱ
598 557 683 610 ποίντες
700 570 831 616 γονυπετεῖς
855 556 899 618 πρδ
922 560 967 604 τών
989 557 1062 613 αὐτου

98 637 182 679 ἔκειντο
199 631 281 675 ποδοῖν,
316 626 366 673 ὅδὲ
384 629 415 677 εἰς
431 622 531 683 ου’ρανδν
547 627 602 684 ίίρας
617 626 658 678 τοίς
672 639 747 689 χεῖρας
762 633 798 676 nol
821 634 850 690 τῴ
867 632 916 691 Θεῷ
938 630 1077 688 amenego-5

97 717 166 759 μενος
182 700 263 746 ιὀίσεετο
278 694 332 748 τοιίς
344 694 434 747 πάντας
450 702 473 743 ἐν
490 698 565 755 μόνης
580 700 652 759 εὐχῆς.
689 697 731 744 ουίι
747 699 827 757 ὀλίγον
840 703 862 747 δὲ
878 701 968 760 ἦμεροῖν
984 720 1060 759 παρα-

96 771 176 828 μείνας
191 781 236 820 τοῖς
251 768 386 825 Βηρυτίοις,
401 769 438 813 ααὶ
454 765 552 817 πολλοδς
567 770 595 827 τῇ
608 770 734 827 μοναρχική
749 772 1006 830 δρυσαείᾳσυνεθίοοιςὸ
1022 775 1059 818 ναί

27 832 33 874 ³ss
96 841 222 898 βαπτίσας,
249 835 294 883 οίπὸ
310 839 354 881 τῶν
375 839 496 894 ἑπομένων
518 835 578 897 αὐτῷ
594 840 751 897 πρεσβυτέριον
774 845 814 885 ἕνα
835 842 960 886 ἐπίσκοπον
981 838 1059 893 ου’τοῐς

22 914 34 964 „gt
97 905 249 966 καταστήσας,
272 910 303 956 εἰς
319 903 362 964 τήν
379 906 487 965 Βίβλονλ
502 906 566 966 ἐξῄει,
602 910 638 954 ναί
657 904 781 965 γενόμενος
800 912 844 953 ἐκεῖ
862 912 896 954 ναί
917 908 1002 966 μαθών
1022 910 1057 957 ὅτι

97 981 174 1038 Σίμων
190 977 242 1025 ου’δὲ
257 976 331 1036 μιας5
346 974 431 1036 ἡμέρας
448 974 527 1028 ου’τοῑς
542 979 702 1036 προοίμεινεν,
725 973 772 1022 uitt’
788 973 872 1029 ευθέως
890 983 922 1030 εἰς
946 979 1057 1036 Τρίπολιν
1066 993 1086 1027 1ο

96 1048 210 1107 ὥρμησεν,
225 1047 306 1111 ὀλίγαν
321 1045 412 1106 ήμεραῖν
428 1045 506 1101 αὐτοῖς
521 1050 654 1105 ἐπιμείνας,
678 1049 714 1094 ταί
734 1047 880 1105 θεραπεύσας
899 1046 939 1093 ουίι
961 1047 1057 1109 ὀλίγους,

29 1117 31 1132 ¹
95 1123 130 1166 καί
145 1129 194 1170 ταῖς
207 1121 299 1177 βίβλοις
314 1115 398 1168 αὐτούς
413 1116 549 1174 ἐνασκήσας,
571 1117 620 1164 κατ’
635 1122 698 1178 ἴχνος
714 1119 756 1164 σου
772 1120 878 1174 Σίμωνος
893 1122 927 1170 εἰς
941 1117 984 1177 τήν
1003 1122 1058 1177 Τρί-

95 1194 163 1236 πολιν
178 1189 309 1248 ἒπορειίετο,
324 1188 471 1248 μεταδιώκειν
487 1186 560 1235 αὐτὸν
575 1190 677 1246 μαλλον,
693 1185 733 1251 ov'q
741 1185 883 1248 ὑποφεύγειν
891 1191 1056 1249 προῃρημένος.

487 1364 611 1410 ΟΜΙΛΙΛ
624 1364 666 1410 Η.

150 1474 165 1517 Ι.
183 1475 238 1522 ,Εἰς
255 1473 278 1517 δὲ
300 1469 342 1528 τήν
361 1469 579 1528 Τρίπολινεῖοιόντι
597 1471 719 1532 τρίᾙεπρςο
741 1473 762 1514 οἱ
778 1472 970 1529 φιλομαθέστεροι
992 1477 1016 1519 ἑίι
1031 1493 1083 1528 ruffi

93 1546 130 1601 τῇς
149 1542 226 1599 Τύρου
240 1543 276 1586 ταί
294 1542 402 1592 Σιδῶνος,
418 1541 527 1598 Βυρυτοτ]
542 1559 565 1586 τε
581 1543 617 1587 καί
633 1542 736 1599 Βίβλον,
750 1542 786 1586 ταί
803 1544 826 1585 εἰι
841 1542 885 1587 τοῖν
898 1543 1054 1603 πλησιοχώρων

94 1698 143 1728 vero
159 1673 245 1728 sanatio.
275 1682 315 1724 Per
329 1682 384 1724 illum
400 1696 452 1739 ergo
469 1684 582 1726 maleficum
602 1696 694 1740 magum,
716 1682 762 1724 Deo
784 1681 897 1738 inereduli,
921 1686 1054 1739 aegrotastis,-

92 1769 129 1810 per
144 1768 176 1796 me
193 1761 269 1810 autern,
286 1754 348 1796 modo
364 1754 384 1794 iu
401 1767 447 1796 eum
463 1755 562 1810 credatis,
578 1754 703 1797 sanabimini.
733 1752 766 1796 sie
783 1754 836 1794 enim
847 1755 988 1808 experimento
998 1756 1052 1799 laeto

92 1827 143 1870 illius
159 1827 194 1881 qui
208 1831 282 1880 potens
299 1830 341 1880 est,
365 1824 390 1866 ad
413 1826 467 1868 hene
489 1826 605 1868 laciendum
625 1827 730 1880 conversi,
755 1824 815 1867 etiam
838 1825 950 1867 seeundum
975 1828 1053 1871 animas

93 1897 141 1940 salvi
157 1910 204 1940 esse
220 1897 320 1951 poteritis.
491 1946 493 1950 Ι
1056 1907 1076 1941 20

148 1967 190 2009 Xll.
220 1967 278 2016 Quae
294 1978 340 2008 oum
356 1965 453 2020 dixisset,
469 1965 537 2006 crrnoti
553 1965 578 2006 ael
594 1977 663 2021 genua
679 1965 797 2008 aooirtentes
815 1966 913 2020 jacebant
930 1967 1051 2021 antepedes

91 2039 148 2081 illius.
177 2037 253 2094 Atitte,
269 2037 352 2080 sublatis
367 2036 388 2077 in
405 2034 484 2077 eaelum
500 2035 599 2092 manibus,
614 2036 723 2091 Deumque
737 2041 886 2093 comprecatus,
903 2043 989 2081 eunotos
999 2051 1050 2093 pre-

91 2112 172 2152 catione
188 2108 231 2151 sola
248 2108 333 2150 ornavit.
363 2105 410 2148 Non
425 2116 503 2160 paucos
520 2111 587 2149 autem
603 2106 647 2149 dies
663 2107 716 2161 apud
732 2106 826 2162 Berytios
843 2113 989 2164 commoratus,
1005 2123 1051 2152 oum

90 2181 164 2223 multos
179 2179 274 2234 religioni
292 2191 342 2233 erga
357 2189 420 2219 unum
436 2176 502 2218 Deum
518 2177 694 2234 oonsueteoisset‚
710 2190 807 2220 necnon
823 2178 953 2234 baptizasset,
969 2192 1010 2221 uno
1025 2193 1051 2221 ex

57 2239 58 2243 ¹
91 2250 218 2305 Presbyteris
234 2250 269 2303 qui
285 2261 331 2289 eum
346 2247 488 2302 sequebantur
502 2248 551 2301 ipsis
566 2248 586 2288 in
598 2247 722 2302 Episcopum
736 2249 854 2304 constituto,
870 2251 890 2291 in
900 2250 985 2305 Byblnm
997 2252 1075 2294 abiitas

90 2321 134 2369 Quo
151 2333 196 2362 cum
219 2320 357 2374 pervenisset,
380 2322 486 2372 comperto
503 2318 558 2372 quod
575 2318 644 2360 Simon
664 2329 691 2359 ne
706 2331 748 2361 uno
765 2320 845 2373 quidem
862 2320 895 2362 die
909 2321 954 2362 illos
971 2334 1050 2376 exspe-

12 2383 25 2445 ,Js
91 2398 172 2449 orasset,
188 2391 224 2434 sed
240 2391 307 2434 statim
321 2392 342 2449 in
358 2389 454 2443 Tripolim
469 2390 578 2444 evasisset,
592 2399 669 2443 paucos
686 2389 729 2432 dies
745 2391 798 2444 apud
815 2403 850 2433 eos
866 2396 968 2448 moratus,
986 2406 1049 2434 orna-

89 2464 155 2518 tisque
171 2462 237 2504 multis
253 2473 278 2503 ao
293 2462 313 2502 iu
329 2460 433 2517 Scriptura
449 2461 555 2517 exercitis,
578 2461 603 2502 ad
618 2460 715 2515 Tripolim
731 2473 768 2515 per
786 2462 874 2517 vestigia
890 2462 977 2507 Simonis
996 2477 1048 2518 pro—

90 2534 160 2589 oessit,
176 2538 245 2574 cerrus
261 2543 307 2573 eum
322 2531 413 2586 insequi,
428 2542 470 2573 non
487 2529 639 2585 subterfugere.

451 2704 558 2748 HOltlllLIA
574 2704 686 2775 OCTAVA.
1053 2725 1072 2758 so

98 2861 99 2865 ,
145 2816 159 2859 l.
190 2814 241 2856 Cum
257 2818 324 2855 autem
336 2814 408 2857 Petrus
423 2812 518 2866 Tripolim
534 2813 685 2871 ingrederetur,
702 2816 736 2869 qui
754 2814 845 2858 discendi
859 2821 918 2857 erant
929 2816 1046 2870 oupirliores

89 2900 115 2928 ex
130 2888 193 2942 Tyro,
209 2884 297 2939 Sidone,
312 2884 389 2939 Beryto
406 2897 429 2926 ae
444 2883 516 2939 Byblo,
533 2888 553 2925 et
568 2885 624 2927 multi
634 2898 660 2927 ex
669 2884 756 2927 finitimis
765 2886 823 2928 simul
835 2886 941 2928 intrarunt.
965 2885 1046 2935 llanmi

118 2998 136 3032 l.
165 2995 185 3032 ln
201 2994 215 3031 0
232 2994 282 3043 prius
298 2993 386 3042 seriptum
402 2989 555 3045 erate'uoq'onrr.
609 2999 628 3034 t.
658 2992 740 3048 Βίβλον
754 2996 801 3045 Epit.
819 3008 835 3035 ο.
853 2997 885 3033 58.

88 3053 157 3092 Deinde
172 3054 220 3090 idern
236 3065 272 3091 om.
287 3066 314 3090 τε.
609 3057 627 3092 5.
658 3049 751 3109 οὐδεμιᾶς
767 3056 788 3093 0.

116 3116 136 3150 2.
166 3109 236 3161 πείραν
252 3112 272 3149 C.

118 3174 136 3209 3.
166 3169 217 3208 ttius
230 3172 323 3219 praeferet
339 3166 454 3217 συνειίσας,
470 3182 504 3208 nee
522 3170 556 3208 im-

88 3229 154 3268 merito
171 3229 194 3277 C;
209 3226 329 3278 σννεσθίσας
343 3227 364 3266 Ο.
