2276 3612
68 233 100 282 vl,
115 237 207 274 act-ao.
526 231 566 275 172

67 347 112 397 ελσε
128 341 162 392 ἀεί
180 343 284 405 ἀλλήλοις
299 347 398 401 συνῆπτε
407 347 424 400 ¹,
445 347 480 391 ιιαλ
498 347 569 399 edocto
585 347 632 396 ἀπὸ
650 349 754 409 τεχνίτου
775 351 819 395 νοοῖ
835 350 891 405 πρὸς
906 345 931 394 cd
948 349 1030 393 σίνεῑον

67 417 112 462 ιάν
128 420 171 464 ποι]
187 416 242 474 ζσίον
256 417 331 472 patav
347 417 383 461 aad
398 419 473 475 ,πεσών
489 417 665 476 ουνοιογιόζεσσιι,
685 425 722 466 ἵνα
739 416 780 476 τὴν
795 415 891 464 ἑυσίσυου
906 415 964 475 πρὸς
979 422 1031 462 ἕνα·

67 506 122 534 σσον
139 486 264 544 ἀναλογίαν
280 482 403 540 ἀποσώζειν
419 486 527 544 ιλιλνιγιοι,
547 491 582 533 καί
601 489 644 548 τὴν
664 497 707 543 ἕξιν
730 488 897 547 εὐπερίγραφον
913 492 979 588 ἔχη,2
993 490 1030 534 κοιλ

68 556 95 604 ad
114 559 209 603 ὲνιλοθεν
226 555 303 603 πάννσι
320 552 362 614 σὴν
382 575 546 642 ποοσννονοαν
557 555 715 616 deprendente
704 558 845 620 οιγιβάνιγῐ
834 560 916 615 opaciore
938 560 979 605 99²
994 560 1029 604 ναὶ

43 638 52 669 t>
71 626 124 677 τους
145 628 240 677 ofralooe
261 627 347 679 πόπους
373 628 471 674 andoeno
489 627 546 687 γιεσά
572 629 647 689 ποίσης
670 627 794 689 ενγισριγίαο
817 630 828 674 ὁ
849 630 962 689 τεχνίτης
974 646 1029 679 νους

69 700 164 756 ἀκριβοῖ.
200 699 298 745 συνελών
313 702 365 756 ἐρῶ·
388 701 425 745 ναί
442 697 470 746 vd
486 702 554 756 ἀλλα,
570 698 611 747 ὅσα
622 706 678 748 ποτε
696 704 750 759 ζάον
768 702 800 748 dat
815 706 885 761 ἔχειν,
899 696 1030 745 οάιλὲνένί-

68 769 137 813 λιπεό
152 769 182 829 ap]
198 769 289 829 γιεγολλιγ
303 769 376 828 σσιίυῳ
393 771 439 830 §alpi
454 774 494 829 σῆς
506 770 558 828 ὅλης
575 777 706 832 περιφοραῖς.

125 841 186 884 XXV.
218 836 328 891 Orraon·
316 858 405 899 αναγνιγ
427 839 479 887 nard
500 844 558 889 εἶναι
582 839 807 903 999i994'oya'91919p909
821 843 938 902 τεχνίτην,
961 857 985 889 ος
1001 838 1028 883 vd

67 922 164 972 στοιχεῖα
180 931 194 970 η
186 908 319 957 tractata
336 909 521 971 συνιγγογενό,η
507 931 522 968 ιγ
544 914 642 982 συνόντα
662 912 768 972 ἀλλήλοις
788 911 845 969 πρὸς
866 911 925 968 folco
939 911 1029 994 γενεσιν

41 983 195 1040 1οσεχνιιιώς’
185 982 275 1038 εαέροισε
290 984 325 1028 uod
341 999 367 1028 εν
383 987 406 1027 ἐν
423 983 515 1029 πάνυοιν
531 978 597 1041 ἔργον
612 982 752 1031 ἀπετέλεσεν.
788 981 901 1029 ἀιλιίναυον
915 978 958 1040 γάρ
973 979 1029 1027 ἀνευ

67 1048 186 1100 πινὸςνου
197 1054 308 1109 μείζονος
324 1051 386 1099 πάνυ
402 1052 554 1111 σσφὸνὲργσν
570 1052 740 1101 ἀποτελεῖσθαι.
779 1052 829 1100 noda
849 1052 983 1112 γινλνέιισιιῦ
997 1053 1028 1097 εἶ

66 1137 105 1186 ναι
121 1117 221 1165 ιλιίνσιυαι
234 1121 327 1167 adeant>
347 1126 461 1184 τεχνίτης,
483 1120 524 1170 oda
540 1125 669 1181 ε’πιθυγιίσ,
685 1121 726 1170 oda
742 1123 811 1184 ἰσχύς,
827 1123 866 1169 σνίι
882 1122 936 1168 ἀλλο
951 1140 972 1167 σι
982 1139 1029 1167 νοι-

67 1208 151 1242 conor,
164 1188 179 1234 ἀ
194 1209 247 1236 τινα
262 1190 360 1273 nodproi
376 1195 515 1250 συμβαίνειν
531 1196 566 1239 aod
576 1190 720 1253 ἀποβαίνειν
736 1196 843 1251 πέφυκεν.
873 1189 914 1239 ἀλλ
889 1188 987 1239 tt'avtt
1003 1189 1028 1236 τὸ
1049 1227 1050 1230 ¹

66 1257 103 1317 ἀφ’
121 1262 197 1318 ἑτέρον
213 1260 339 1350 γενόμενόν
353 1267 398 1307 ἐσσι
415 1264 483 1317 θεός,
506 1261 559 1310 οὐδὲ
569 1282 598 1322 γε
614 1259 639 1308 od
656 1259 702 1310 υπὸ
717 1263 833 1325 χρόνον
820 1281 834 1307 ν
850 1260 935 1319 φύσεως
951 1260 1028 1309 ἀλιλσ

42 1331 113 1389 ltodp
116 1349 167 1376 ενσν
184 1333 219 1377 παλ
235 1336 267 1381 εἰς
282 1328 307 1377 ad
322 1351 403 1390 perparca
420 1344 478 1379 εινοιι
494 1331 1020 1391 ἀναλυόμενον..

123 1402 192 1446 XXVI.
227 1403 307 1449 Τουσά
325 1421 371 1459 μου
387 1406 550 1464 διαλεγομένου
572 1401 629 1464 πρὸς
648 1423 688 1452 σον
707 1402 846 1459 Ἀππίσινα,
869 1404 916 1451 ἀπὸ
936 1404 1027 1449 Katoa-

66 1548 179 1598 potnernnt
194 1543 273 1599 absque
286 1556 363 1598 magno
379 1544 457 1586 artifice
476 1545 502 1587 ad
518 1545 608 1588 animalis
631 1547 787 1601 generationem
808 1545 902 1600 misceri,
924 1545 955 1587 sin
975 1556 1026 1586 vcro

65 1626 148 1667 semper
163 1620 235 1657 mutuo
249 1614 333 1657 fuerunt
348 1616 463 1671 conjuncta,
479 1617 509 1658 sic
524 1629 609 1672 quoque
624 1617 649 1658 alt
666 1616 742 1658 artifice
757 1622 826 1658 mente
841 1615 866 1657 ad
881 1615 1027 1669 proprietatem

66 1685 207 1727 membrorum
223 1691 244 1726 et
257 1686 344 1738 partium
360 1686 451 1727 animalis
466 1687 597 1742 adaptantur,
610 1688 747 1741 quopossint
762 1686 890 1741 singulorum
906 1685 931 1726 ad
947 1685 1027 1740 singula

26 1762 152 1797 ,reservare
167 1757 335 1810 proportionem,
352 1762 372 1798 et
387 1756 525 1799 habitudinem
540 1764 597 1800 recte
613 1759 762 1800 conformatam
778 1758 893 1812 obtineant,
913 1762 977 1810 utque
992 1756 1027 1795 in-

66 1819 143 1868 teriora
160 1827 227 1868 omnia
243 1827 402 1869 convenientem
418 1829 519 1882 accipiant
534 1829 693 1871 cohaerentiam.
725 1828 821 1872 Similiter
836 1831 856 1868 et
863 1827 1026 1886 uniuscnjusque

65 1898 148 1951 propria
164 1897 208 1938 loca
224 1909 270 1938 cum
286 1899 341 1940 omni
357 1899 458 1953 elegantia
475 1911 532 1942 mens
548 1900 623 1941 artifex
638 1900 733 1954 disponit.
765 1897 892 1952 Compendio
908 1897 985 1938 dicam:
997 1896 1027 1938 ‘et

64 1969 85 2009 in
102 1968 197 2009 omnibus
212 1967 268 2023 aliiS,
290 1981 344 2023 qnae
359 1969 432 2011 animal
448 1970 525 2012 habere
541 1970 620 2025 debet,
636 1971 684 2012 nihil
704 1970 764 2013 deest
783 1981 859 2024 magno
877 1968 925 2010 huic
946 1968 1027 2009 animali

63 2039 126 2081 totins
143 2039 205 2082 orbis.
944 2075 946 2078 .

39 2113 58 2145 25
121 2103 183 2152 XXV.
213 2108 241 2151 lta
262 2112 382 2153 necessario
406 2112 491 2166 intelligi
512 2112 574 2153 debet
593 2111 701 2165 quemdam
719 2122 766 2154 esse
789 2110 902 2165 ingenitum
921 2109 1025 2165 artificem,

62 2182 98 2236 qni
114 2181 216 2222 elementa
231 2181 265 2222 vel
281 2180 373 2222 distantia
391 2182 530 2237 conjunxerit,
546 2182 579 2223 vel
594 2182 711 2235 praesentia
728 2187 797 2223 mutuo
814 2180 839 2221 ad
855 2180 928 2221 animal
943 2179 1025 2233 proda-

63 2251 151 2293 endum
161 2250 359 2307 affalnemrscuent
376 2264 480 2306 unumque
495 2252 607 2305 perfecerit
622 2265 649 2293 ex
664 2257 724 2293 ctinc
725 2263 742 2294 rs
757 2263 814 2304 opus
845 2250 899 2291 Ften
914 2251 967 2291 enim
983 2262 1025 2291 non

62 2327 140 2376 pottcs,
155 2322 272 2376 marisque
287 2322 361 2377 majori
377 2322 464 2376 quadam
480 2328 549 2364 mente
565 2323 739 2376 sapientissimum
752 2333 803 2375 opus
819 2321 943 2362 absolvatur
984 2320 1025 2363 Sed

62 2404 102 2433 nec
117 2404 175 2433 amor
191 2404 238 2435 esse
254 2395 324 2445 potest
339 2397 462 2434 currctorum
486 2394 530 2447 opi
529 2406 566 2446 ex
589 2405 631 2434 non
655 2392 731 2446 cupidi
733 2404 768 2443 as
790 2402 832 2431 non
849 2391 891 2442 vis3
915 2402 957 2432 non
976 2391 1024 2445 qnid

36 2463 117 2505 3⁰alind
133 2461 245 2516 eJ'nsmodi3
261 2474 315 2516 quae
332 2465 399 2504 omnia
407 2497 412 2518 ,
429 2465 486 2507 casui
502 2465 604 2517 obnoxia,
633 2463 705 2504 venire
729 2467 750 2504 et
769 2461 824 2502 abire
840 2461 912 2503 solcnl.
950 2461 1023 2515 Neque

62 2534 122 2574 etiam
142 2532 198 2586 quod
220 2532 244 2572 alt
261 2532 300 2573 alio
317 2539 412 2575 moretur
428 2534 479 2577 deus
496 2539 537 2588 est,
552 2525 622 2589 neque
638 2533 693 2588 qnod
710 2545 721 2573 a
738 2537 831 2585 ternpore
847 2539 962 2575 antnatur'a
976 2545 1023 2573 mu-

62 2609 116 2646 tatur
133 2603 193 2643 acin
210 2601 293 2642 nihilum
309 2603 426 2645 resolvitur.
708 2645 710 2648 ,

118 2672 188 2717 XXVI.
219 2673 276 2721 Quae
293 2687 338 2715 cum
354 2675 380 2716 ad
394 2675 511 2730 Appionem
525 2674 674 2730 proloquerer,
693 2687 705 2715 e
721 2676 821 2716 Caesarea
843 2674 930 2717 advenit
944 2674 1023 2730 Petras,

92 2862 110 2896 l.
140 2855 165 2897 τά
181 2873 202 2898 σε
217 2854 255 2910 γιλρ
272 2863 358 2911 στοιχεῖα
373 2856 398 2898 ad
415 2856 430 2899 δ’
449 2856 529 2899 είιεάελ
584 2864 601 2899 5.
633 2856 658 2897 σίι
674 2861 760 2910 στοιχεῖα
784 2855 869 2910 ἡδίστοις
887 2854 898 2909 l}
915 2853 1021 2908 συνήγαγεν

61 2913 273 2968 ἀλλήλοιςσυνῆπται
290 2918 317 2967 0,
336 2919 448 2957 intermediis
471 2922 528 2958 'voca-
555 2919 581 2966 0,
597 2916 707 2970 συνήγομεν
719 2929 741 2955 cx
753 2919 846 2957 Gotelerio
862 2918 919 2955 minus
936 2922 1021 2954 accurate

63 2976 110 3014 halis
126 2977 205 3015 omissis.
554 2980 641 3026 nolatS,
658 2988 698 3014 enm
714 2982 773 3015 exstet
789 2990 817 3026 ep:
833 2976 859 3014 Ol.

90 3040 109 3073 2.
139 3038 212 3104 aas,
207 3032 238 3075 ιίι
255 3037 307 3075 CO.
584 3042 602 3075 d.
633 3037 737 3074 Secundum
759 3035 884 3074 Parmenidem
909 3040 926 3072 ct
952 3035 1021 3084 Empe-

91 3098 109 3132 3Ι
140 3090 178 3134 ὅσα
201 3092 249 3135 ποτὲ
272 3095 311 3144 ζῶν
334 3093 394 3134 <tal
384 3110 442 3147 εχειι,
471 3092 528 3136 oddar
554 3096 632 3133 doclem
664 3095 691 3133 Cf
707 3095 792 3143 Karsten,
812 3093 913 3132 Parmenid
933 3094 985 3141 reliq.
1004 3106 1020 3132 ι.

62 3151 100 3192 ε’νιι
90 3151 182 3192 λειπεῦ.
556 3157 602 3192 tal.
618 3154 695 3202 Emped.
711 3154 762 3202 reliq
784 3167 802 3202 p.
820 3156 860 3191 346
878 3164 929 3202 seqq
964 3152 1020 3190 Arist.

92 3215 111 3252 4.
140 3213 187 3252 νοῦν
203 3212 225 3251 0.
552 3214 632 3262 llleteplr.
647 3214 660 3260 l,
677 3214 695 3261 9,
714 3215 731 3252 l.
746 3215 765 3251 S.
