2276 3612
112 216 166 264 xvir,
186 217 224 256 iij
570 217 612 260 346

169 330 221 375 XIV.
255 332 297 375 Καὶ
313 327 423 387 ὀΠέτρσς
440 334 510 389 impl*
528 336 559 382 εἰς
574 330 628 376 dito
645 333 765 390 προτείνας
782 335 862 385 εἰπεῖν,
876 335 907 382 εἰς
923 339 998 391 ἕτερον
1015 330 1070 379 cina·

110 401 212 456 κρίνονθ.
252 401 383 456 προέτεινας
403 399 446 459 γιίρ
467 403 495 453 τίς
518 407 607 461 μαλλον
623 401 822 450 ιλιίνασθαίτινα5
843 404 919 446 πλεῖον
938 413 999 460 ,νοεῖν
1024 404 1069 460 [καὶ

111 471 189 515 πίστιν
205 467 378 528 λαμβάνεσθαι]
394 470 446 531 παρ’
463 470 574 523 ὀπτασίας
590 471 714 527 ὀμνύοντα,
736 473 749 532 ἢ
764 470 807 532 γοίρ
823 471 883 529 παρα
900 475 939 529 τῆς
954 476 1071 531 ἐναργείας

110 538 255 597 [dinariorum]
272 538 387 598 ἐπιβαλών
404 543 427 590 dd
443 550 536 596 έπειθες
550 543 620 603 ἡμᾶς,
636 543 670 591 ὅτι
686 540 849 604 ἀσφαλέστερός
857 548 918 590 ἐστιν
930 542 940 588 ὀ
950 540 990 588 ὑπ’
998 540 1070 590 ὀπτα-

95 613 160 660 finias
176 607 262 656 οἷκστίοιν
278 613 320 658 τοι]
336 611 389 670 παρ’
405 613 493 672 αὐτῆς4
508 617 624 674 ἐναργείας
640 612 771 666 οἷκσιίσντος.
801 617 871 672 πέρας
885 616 939 671 γοῦν
956 610 991 660 doci
1001 617 1070 662 τούτο

109 683 166 737 datori
181 679 314 738 ἱκανώτερον
330 687 426 740 έφασκες
441 686 523 732 etatum
537 683 565 731 τοί
588 688 629 732 τον
644 683 730 744 Ἰησοῦ,
750 683 778 736 τίς
798 683 842 732 ὑπὸ
864 683 974 734 ὀπτασίας
998 680 1071 731 αὐτοῦ

108 749 207 808 οἶκιγκσνίς
222 747 262 796 τόν
278 752 353 812 λόγον.
392 752 453 811 minin
473 752 513 813 ἐγιό
529 760 560 807 εἰς
582 753 606 803 τό
623 752 726 817 ὀπαργγγς
742 758 861 814 προταθὲν
877 754 1069 821 ὀποκριναίμκγν5.

109 819 120 866 ὅ
137 821 268 880 προφήτης,
284 821 318 867 ὅτι
335 822 453 883 προφήτης
468 829 542 880 ἐστίν,
558 827 732 886 πληροφορήσας
747 830 837 885 πρῶτον
853 826 903 883 περί
919 826 963 870 τών
975 826 1070 882 ἐναργῶς

107 889 148 937 rin'
166 891 237 938 αότοὺ
253 895 393 951 λεγομένων,
417 895 521 955 deputata
543 898 685 951 πιστεύεται,
704 896 760 942 καί6
783 892 913 955 οίλιγθνίςιόν
929 912 1069 952 προεπιγνω-

84 969 103 1003 1⁰
110 966 183 1018 onata,
200 964 245 1018 nni,
261 962 289 1014 ὦς
305 961 316 1009 ὀ
332 966 464 1021 μοινθοίνιιν
479 971 555 1022 θέλει,
571 969 700 1022 ἐξετασθείς
715 969 752 1014 καί
769 965 901 1025 οίνακριθείς
916 962 1068 1022 ἀποκρίνεται.

108 1030 119 1078 ὀ
137 1034 160 1079 dd
175 1033 273 1094 ὀπτασίᾳ
287 1034 401 1082 πιστεύων
416 1035 430 1094 ἢ
445 1034 544 1095 ὀροίματι
565 1040 600 1084 ναί
616 1038 724 1095 ε’ννπνίιμ,
744 1034 871 1093 ἐπισφαλής
886 1039 952 1080 ἐστιν.
993 1030 1070 1092 σίγνοεῑ

107 1100 150 1161 γοίρ
165 1105 211 1149 τίνι
227 1104 334 1151 πιστεύει.
364 1107 476 1167 ε’νιλέχεττι
490 1104 534 1165 γοίρ
550 1103 620 1153 odada
635 1106 649 1165 ἢ
664 1108 764 1164 δαίμονα
780 1102 850 1151 κακόν
865 1107 932 1158 εἶναι,
947 1103 961 1164 ἢ
977 1106 1067 1161 πνεῦμα

108 1174 212 1228 πλάνον,
233 1180 257 1221 ἐν
273 1177 301 1234 τῷ
316 1177 390 1234 λέγειν
405 1175 590 1235 ὑποκρινόμενον
612 1178 669 1223 εἶναι
693 1175 704 1222 ὀ
724 1174 757 1234 μή
778 1181 846 1222 ἐστιν.
885 1171 942 1221 εἶθ’
958 1173 1018 1233 ι’ίρα7
1033 1192 1068 1226 τις

106 1246 236 1303 βουληθείη
251 1245 417 1293 πννθοίνεσθαι
440 1243 464 1292 τό
480 1250 515 1298 τίς
538 1245 566 1293 ὀίν
582 1242 597 1307 ᾖ
613 1247 625 1293 ὁ
640 1248 731 1304 (μανείς,
756 1246 852 1308 ὀνίναται
876 1248 948 1304 λέγειν
969 1242 1067 1303 eunapii

81 1315 221 1373 15βούλεται.
253 1319 288 1363 καί
304 1317 376 1369 οὕτως
391 1314 420 1368 τίς
435 1317 533 1376 πονηρὸς
549 1316 677 1375 dotatione,
692 1318 775 1375 μείνας
791 1316 846 1364 ὅσον
861 1319 935 1371 θέλει,
951 1314 1067 1373 α’ποσβέν·

107 1403 184 1437 ννται,
206 1385 240 1444 μα)
261 1389 406 1446 παραμείνας
425 1390 455 1443 τῴ
479 1390 649 1446 πυνθανομένῳ
675 1391 706 1439 εἰς
731 1384 850 1446 οἷνοίκρισιν
873 1386 927 1434 ὅσον
948 1383 1066 1445 η’θέλκγσεν.

107 1453 143 1501 dod
159 1457 181 1501 dd
198 1459 310 1503 ε’ννπνίων
326 1454 383 1515 ὀρῶν
399 1457 447 1508 τις8
461 1454 516 1504 odda
537 1457 699 1505 πννθοίνεσθαι
718 1458 813 1504 ὀνίναται
835 1459 886 1514 περί
906 1451 935 1504 ὧν
951 1454 1066 1516 βούλεται.

107 1523 134 1573 ονΙ
149 1526 193 1586 γιίρ
208 1529 266 1587 ἰδίας
281 1530 380 1581 ἐξουσίας
395 1530 456 1575 ἐστίν
472 1528 484 1574 ὀ
500 1525 605 1587 λογισμός
618 1532 657 1574 τοι]
667 1531 815 1587 κοιμωμένου.
846 1531 981 1586 ένθενγούν
992 1522 1064 1572 πολλοί

164 1669 215 1712 XIV.
244 1671 269 1712 Et
284 1671 356 1712 Petrus
373 1668 409 1713 ait:
426 1672 479 1714 aliud
495 1673 619 1726 proposuisti
635 1673 713 1727 dicere,
738 1678 759 1714 et
774 1671 827 1713 aliud
842 1671 923 1713 locutus
946 1682 974 1712 es.
1011 1670 1065 1712 Pro-

80 1742 192 1795 aoposuisti
208 1741 269 1796 enim,
287 1742 342 1796 quod
357 1743 423 1795 possit
438 1743 510 1796 aliquis
531 1743 616 1786 audiens
636 1744 680 1797 plus
702 1743 818 1797 intelligere
844 1748 864 1784 ct
883 1743 903 1783 in
922 1754 991 1783 rerum
1006 1741 1065 1783 fidem

105 1814 176 1854 venire
192 1826 229 1867 per
245 1814 353 1867 visionem,
370 1826 431 1867 quam
446 1826 484 1867 per
499 1801 627 1869 euidentiam,
644 1827 757 1869 aggressus
772 1819 840 1855 autem
856 1813 958 1856 suadebas
968 1813 1065 1854 tutiorem

105 1897 152 1927 esse
168 1897 220 1940 eum,
237 1885 306 1938 quiin
322 1884 402 1926 visione
419 1885 485 1940 audit,
505 1885 551 1940 illo,
567 1887 602 1940 qui
617 1886 673 1927 audit
693 1898 731 1940 per
748 1885 877 1927 evidentiam.
907 1884 1001 1938 Denique
1016 1884 1064 1925 ideo

104 1960 124 1996 te
139 1956 275 2009 potentiorem
292 1955 374 1997 dicebas
390 1968 424 1998 res
439 1956 490 1998 Jesu
506 1968 643 2012 cognoscere,
667 1969 727 2011 quam
750 1969 798 2012 ego,
821 1962 844 1998 ut
867 1957 901 2011 qui
924 1955 985 2009 ipsius
1000 1955 1063 1996 verba

103 2039 141 2081 per
156 2027 257 2069 visionem
273 2026 379 2069 audiisses.
410 2027 486 2067 Verum
507 2039 547 2081 ego
564 2027 588 2068 ad
603 2027 635 2083 it,
651 2028 707 2082 quod
726 2029 817 2081 primitus
834 2028 959 2082 propositum
976 2031 1012 2082 est,
1027 2038 1062 2067 re-

80 2097 219 2151 atspondoho.
249 2097 363 2153 Propheta,
380 2097 428 2151 quia
442 2096 542 2151 propheta
559 2103 599 2151 est,
614 2098 679 2151 primo
696 2098 837 2140 certitudinem
854 2098 904 2139 dans
921 2097 993 2152 dalis,
1010 2109 1063 2151 quae

104 2169 159 2209 clare
176 2166 233 2223 dicit,
249 2173 293 2209 tuto
310 2167 410 2223 creditur,
424 2168 571 2220 praecognitus
587 2180 648 2209 verus
664 2180 720 2222 esse,
738 2181 767 2223 ac,
785 2168 954 2222 quemadmodum
971 2169 1005 2222 qui
1021 2167 1063 2210 do-

104 2245 163 2281 cetur
179 2239 243 2292 cupit,
259 2239 366 2292 inquisitus
383 2244 403 2280 et
418 2239 557 2293 interrogatus
573 2239 690 2293 respondet.
728 2239 767 2288 Qui
786 2251 837 2281 vero
861 2240 933 2281 risioni
949 2229 1014 2280 ciedit
1029 2244 1064 2280 aut

103 2315 185 2363 spectro
203 2315 223 2350 et
236 2309 347 2363 insomnio,
363 2311 455 2351 incertus
472 2315 508 2352 est.
538 2309 622 2365 Ignorat
638 2311 691 2352 enim
707 2311 740 2352 cui
756 2310 833 2352 credat.
867 2309 918 2351 Nam
933 2314 1001 2363 potest
1016 2322 1063 2352 esse

104 2387 138 2423 aut
147 2381 212 2421 malus
219 2380 318 2429 Daemon,
331 2385 366 2421 aut
373 2381 455 2434 spiritus
465 2380 531 2436 fallax,
544 2381 606 2435 quiin
617 2382 685 2423 verbis
694 2382 775 2423 simulat
788 2393 835 2423 esse
844 2381 898 2435 quod
907 2393 948 2423 non
959 2387 994 2423 est.
1029 2381 1062 2423 Sin

79 2457 171 2494 toautem
189 2453 233 2506 quis
249 2451 296 2493 velit
311 2453 436 2506 percontari,
452 2452 545 2506 quisnam
561 2453 586 2494 sit
602 2453 636 2506 qui
646 2453 745 2507 apparuit,
761 2457 829 2506 potest
844 2452 893 2508 siti„
906 2452 1002 2507 quidquid
1014 2453 1062 2510 vult,

102 2523 179 2565 dicere.
210 2522 285 2577 Sicque
300 2529 402 2578 tamquam
418 2523 492 2578 rnalus,
508 2523 543 2564 ulti
558 2525 679 2579 coruscavit,
696 2523 811 2577 mansitque
827 2528 923 2577 quantum
939 2523 1007 2579 voluit,
1023 2536 1063 2565 ex-

102 2595 222 2648 stinguitur,
237 2606 276 2634 nec
290 2599 397 2647 permanet
413 2606 459 2634 oum
474 2594 591 2635 sciscitante
607 2593 631 2634 ad
647 2594 838 2650 interrogationem,
855 2600 951 2649 quantum
968 2594 1000 2636 hic
1012 2595 1060 2636 vult.

101 2665 140 2707 Por
155 2665 257 2707 insomnia
273 2677 323 2706 vero
340 2665 374 2719 qui
389 2664 455 2719 videt,
471 2677 539 2718 neque
554 2665 683 2717 percunctari
698 2669 776 2720 potest,
793 2664 818 2707 de
833 2666 906 2720 quibus
921 2666 984 2709 lubet.
1016 2666 1060 2707 Ne-

131 2879 149 2915 1.
180 2873 218 2927 ἔφκγ
234 2886 270 2913 οτι.
287 2874 308 2911 Ο,
623 2878 643 2912 4.
672 2868 719 2925 παρ’
738 2867 798 2914 aizoo
814 2874 885 2927 τῖγςθ.

131 2941 149 2975 2.
180 2931 331 2986 casualium.
624 2936 641 2972 5.
671 2928 805 2985 ἀποκρίνομαι
820 2936 842 2975 O.

131 2998 149 3032 3.
180 2996 199 3032 ln
216 2995 230 3032 0
248 3007 291 3033 τινα
307 2988 351 3039 διαί,
369 3003 412 3039 quas
429 3004 484 3030 uoces
501 2991 568 3041 excipit
623 2996 640 3030 6.
671 2986 705 3030 καί
720 2992 787 3032 inserui
802 3007 818 3032 ο.
835 2995 855 3032 0.

102 3055 154 3092 unius
169 3066 233 3092 uersus
255 3056 330 3100 lacuna3
351 3053 390 3100 jam
406 3052 495 3100 sequitur:
519 3046 565 3103 παρ’
622 3053 640 3089 t.
669 3047 680 3103 i}
698 3045 739 3103 ι’ίρα
755 3054 779 3101 G,
801 3050 820 3094 εἰ
837 3048 877 3106 ἄρα
901 3055 921 3091 D.
959 3047 969 3106 ip
990 3048 1057 3093 anteo

104 3110 207 3157 ὀπτασίας.
238 3114 287 3151 ldem
300 3112 346 3151 Cod.
360 3110 412 3148 unius
427 3111 478 3149 vocis
493 3123 568 3150 vacuum
593 3111 635 3150 add.
651 3122 667 3147 o.
684 3110 705 3148 0.

104 3166 482 3224 praeteriturdampnaretturpaldo.
498 3173 569 3211 Utrum·
624 3172 643 3208 8.
674 3165 758 3222 ὁρῶντες
773 3184 791 3221 p.
809 3166 863 3224 ὁρῶν
877 3183 907 3214 τις
923 3170 944 3208 O.

106 3243 140 3279 que
154 3231 235 3269 lammam
251 3232 374 3281 conjectando
391 3229 468 3278 explevi.
