<?xml version="1.0" encoding="UTF-8"?>
<!DOCTYPE html PUBLIC "-//W3C//DTD XHTML 1.0 Transitional//EN"
    "http://www.w3.org/TR/xhtml1/DTD/xhtml1-transitional.dtd">
<html xmlns="http://www.w3.org/1999/xhtml" xml:lang="en" lang="en">
 <head>
  <title>
</title>
<meta http-equiv="Content-Type" content="text/html;charset=utf-8" />
  <meta name='ocr-system' content='tesseract 3.04.00' />
  <meta name='ocr-capabilities' content='ocr_page ocr_carea ocr_par ocr_line ocrx_word'/>
</head>
<body>
  <div class='ocr_page' id='page_1' title='image "MN41653ucmf_3_0182.png"; bbox 0 0 2276 3612; ppageno 0'>
   <div class='ocr_carea' id='block_1_1' title="bbox 93 252 599 306">
    <p class='ocr_par' dir='ltr' id='par_1_1' title="bbox 93 252 599 306">
     <span class='ocr_line' id='line_1_1' title="bbox 93 252 599 306; baseline 0.004 -10"><span class='ocrx_word' id='word_1_1' title='bbox 93 255 130 306; x_wconf 77' lang='lat' dir='ltr'>Vi,</span> <span class='ocrx_word' id='word_1_2' title='bbox 144 257 163 296; x_wconf 80' lang='lat' dir='ltr'>d.</span> <span class='ocrx_word' id='word_1_3' title='bbox 558 252 599 298; x_wconf 79' lang='lat'>158</span> 
     </span>
    </p>
   </div>
   <div class='ocr_carea' id='block_1_2' title="bbox 74 358 1059 1483">
    <p class='ocr_par' dir='ltr' id='par_1_2' title="bbox 99 358 1058 642">
     <span class='ocr_line' id='line_1_2' title="bbox 158 358 1058 430; baseline 0.001 -17"><span class='ocrx_word' id='word_1_4' title='bbox 158 370 191 414; x_wconf 87' lang='lat' dir='ltr'>lv.</span> <span class='ocrx_word' id='word_1_5' title='bbox 225 371 270 427; x_wconf 81' lang='grc' dir='ltr'>Της</span> <span class='ocrx_word' id='word_1_6' title='bbox 290 366 438 425; x_wconf 69' lang='grc' dir='ltr'><em>τητραγενούς</em></span> <span class='ocrx_word' id='word_1_7' title='bbox 457 363 513 424; x_wconf 67' lang='grc' dir='ltr'><em>ὕλης</em></span> <span class='ocrx_word' id='word_1_8' title='bbox 533 369 638 430; x_wconf 78' lang='grc' dir='ltr'><em>ἐμψύχου</em></span> <span class='ocrx_word' id='word_1_9' title='bbox 653 369 731 428; x_wconf 81' lang='grc' dir='ltr'><em>οδσης,</em></span> <span class='ocrx_word' id='word_1_10' title='bbox 754 369 790 426; x_wconf 85' lang='grc' dir='ltr'>καὶ</span> <span class='ocrx_word' id='word_1_11' title='bbox 812 367 866 415; x_wconf 79' lang='grc' dir='ltr'><em>ὅλον</em></span> <span class='ocrx_word' id='word_1_12' title='bbox 886 365 982 426; x_wconf 87' lang='grc' dir='ltr'><em>οἷπείροο</em></span> <span class='ocrx_word' id='word_1_13' title='bbox 996 358 1058 414; x_wconf 74' lang='grc' dir='ltr'><em>τινές</em></span> 
     </span>
     <span class='ocr_line' id='line_1_3' title="bbox 99 433 1058 499; baseline -0.003 -12"><span class='ocrx_word' id='word_1_14' title='bbox 99 444 180 498; x_wconf 64' lang='lat' dir='ltr'>ficator}</span> <span class='ocrx_word' id='word_1_15' title='bbox 197 438 230 487; x_wconf 82' lang='grc' dir='ltr'><em>σίεί</em></span> <span class='ocrx_word' id='word_1_16' title='bbox 245 440 348 498; x_wconf 82' lang='grc' dir='ltr'><em>ῥέοντος,</em></span> <span class='ocrx_word' id='word_1_17' title='bbox 364 435 401 480; x_wconf 89' lang='grc' dir='ltr'>καὶ</span> <span class='ocrx_word' id='word_1_18' title='bbox 417 434 511 492; x_wconf 84' lang='grc' dir='ltr'><em>οίκρίτας</em></span> <span class='ocrx_word' id='word_1_19' title='bbox 527 441 667 498; x_wconf 77' lang='grc' dir='ltr'><em>φερομένου,</em></span> <span class='ocrx_word' id='word_1_20' title='bbox 682 444 717 488; x_wconf 82' lang='grc' dir='ltr'>καὶ</span> <span class='ocrx_word' id='word_1_21' title='bbox 732 440 815 499; x_wconf 78' lang='grc' dir='ltr'><em>μορίας</em></span> <span class='ocrx_word' id='word_1_22' title='bbox 829 433 915 490; x_wconf 57' lang='lat' dir='ltr'>dertare</span> <span class='ocrx_word' id='word_1_23' title='bbox 930 436 1058 496; x_wconf 68' lang='lat' dir='ltr'>apdoctcsst&#39;s</span> 
     </span>
     <span class='ocr_line' id='line_1_4' title="bbox 100 502 1058 566; baseline -0.006 -10"><span class='ocrx_word' id='word_1_24' title='bbox 100 510 181 557; x_wconf 75' lang='grc' dir='ltr'><em>ἄλλοτε</em></span> <span class='ocrx_word' id='word_1_25' title='bbox 195 509 283 559; x_wconf 50' lang='lat' dir='ltr'>dato&amp;</span> <span class='ocrx_word' id='word_1_26' title='bbox 298 507 477 565; x_wconf 75' lang='grc' dir='ltr'><em>ε’ποιναχέοντος,</em></span> <span class='ocrx_word' id='word_1_27' title='bbox 499 512 534 556; x_wconf 83' lang='grc' dir='ltr'>καί</span> <span class='ocrx_word' id='word_1_28' title='bbox 554 507 589 557; x_wconf 85' lang='grc' dir='ltr'><em>διαί</em></span> <span class='ocrx_word' id='word_1_29' title='bbox 605 514 673 560; x_wconf 72' lang='lat' dir='ltr'>cuono</span> <span class='ocrx_word' id='word_1_30' title='bbox 688 508 757 563; x_wconf 78' lang='grc' dir='ltr'><em>αδτοίς</em></span> <span class='ocrx_word' id='word_1_31' title='bbox 772 502 913 557; x_wconf 69' lang='lat' dir='ltr'>draitonam</span> <span class='ocrx_word' id='word_1_32' title='bbox 928 510 957 566; x_wconf 74' lang='grc' dir='ltr'>τη</span> <span class='ocrx_word' id='word_1_33' title='bbox 972 506 1058 563; x_wconf 78' lang='grc' dir='ltr'><em>δταξίφ,</em></span> 
     </span>
     <span class='ocr_line' id='line_1_5' title="bbox 102 576 1057 642; baseline -0.006 -15"><span class='ocrx_word' id='word_1_34' title='bbox 102 583 137 628; x_wconf 81' lang='grc' dir='ltr'>καί</span> <span class='ocrx_word' id='word_1_35' title='bbox 154 577 274 642; x_wconf 75' lang='grc' dir='ltr'><em>κεχηνότος</em></span> <span class='ocrx_word' id='word_1_36' title='bbox 289 577 344 623; x_wconf 73' lang='grc' dir='ltr'>καί2</span> <span class='ocrx_word' id='word_1_37' title='bbox 358 580 390 626; x_wconf 63' lang='grc' dir='ltr'>εἷς</span> <span class='ocrx_word' id='word_1_38' title='bbox 406 578 514 636; x_wconf 76' lang='grc' dir='ltr'>γέννησιν</span> <span class='ocrx_word' id='word_1_39' title='bbox 529 576 584 635; x_wconf 79' lang='grc' dir='ltr'><em>ζώοα</em></span> <span class='ocrx_word' id='word_1_40' title='bbox 600 582 697 640; x_wconf 75' lang='grc' dir='ltr'><em>δεθῆναι</em></span> <span class='ocrx_word' id='word_1_41' title='bbox 713 580 744 641; x_wconf 78' lang='grc' dir='ltr'>μη</span> <span class='ocrx_word' id='word_1_42' title='bbox 757 580 893 637; x_wconf 78' lang='grc' dir='ltr'><em>δυναμένου,</em></span> <span class='ocrx_word' id='word_1_43' title='bbox 908 580 993 636; x_wconf 79' lang='grc' dir='ltr'><em>συνέβη</em></span> <span class='ocrx_word' id='word_1_44' title='bbox 1002 580 1057 622; x_wconf 82' lang='grc' dir='ltr'><em>ποτέ</em></span> 
     </span>
    </p>

    <p class='ocr_par' dir='ltr' id='par_1_3' title="bbox 76 645 1059 993">
     <span class='ocr_line' id='line_1_6' title="bbox 76 645 1057 711; baseline -0.013 -7"><span class='ocrx_word' id='word_1_45' title='bbox 76 667 85 697; x_wconf 82' lang='lat'>5</span> <span class='ocrx_word' id='word_1_46' title='bbox 103 651 173 698; x_wconf 68' lang='grc' dir='ltr'>αδῑθῦ</span> <span class='ocrx_word' id='word_1_47' title='bbox 192 650 232 695; x_wconf 60' lang='lat'>‘³⁰²5</span> <span class='ocrx_word' id='word_1_48' title='bbox 247 645 343 706; x_wconf 68' lang='lat' dir='ltr'>dnatpoo</span> <span class='ocrx_word' id='word_1_49' title='bbox 358 647 482 706; x_wconf 65' lang='grc' dir='ltr'>πὲδδγθνς,</span> <span class='ocrx_word' id='word_1_50' title='bbox 496 648 552 696; x_wconf 74' lang='lat' dir='ltr'>atad</span> <span class='ocrx_word' id='word_1_51' title='bbox 573 652 635 704; x_wconf 86' lang='grc' dir='ltr'><em>ἰδίας</em></span> <span class='ocrx_word' id='word_1_52' title='bbox 658 646 743 711; x_wconf 73' lang='grc' dir='ltr'><em>φύσεως</em></span> <span class='ocrx_word' id='word_1_53' title='bbox 763 648 950 708; x_wconf 76' lang='grc' dir='ltr'><em>περιωθοαμένοα</em></span> <span class='ocrx_word' id='word_1_54' title='bbox 972 645 1057 706; x_wconf 72' lang='grc' dir='ltr'><em>κινήσει</em></span> 
     </span>
     <span class='ocr_line' id='line_1_7' title="bbox 102 714 1057 778; baseline -0.006 -11"><span class='ocrx_word' id='word_1_55' title='bbox 102 721 196 778; x_wconf 75' lang='grc' dir='ltr'><em>φυσικῇ,</em></span> <span class='ocrx_word' id='word_1_56' title='bbox 211 716 323 766; x_wconf 60' lang='lat' dir='ltr'>cordubae</span> <span class='ocrx_word' id='word_1_57' title='bbox 339 717 420 776; x_wconf 83' lang='grc' dir='ltr'><em>ραηναι</em></span> <span class='ocrx_word' id='word_1_58' title='bbox 436 714 481 764; x_wconf 74' lang='lat' dir='ltr'>dut</span> <span class='ocrx_word' id='word_1_59' title='bbox 496 721 538 766; x_wconf 80' lang='grc' dir='ltr'><strong><em>τοὺ</em></strong></span> <span class='ocrx_word' id='word_1_60' title='bbox 554 718 628 768; x_wconf 67' lang='grc' dir='ltr'><em>αὐτού</em></span> <span class='ocrx_word' id='word_1_61' title='bbox 643 726 674 773; x_wconf 84' lang='grc' dir='ltr'>εἰς</span> <span class='ocrx_word' id='word_1_62' title='bbox 690 720 714 768; x_wconf 75' lang='lat' dir='ltr'>cd</span> <span class='ocrx_word' id='word_1_63' title='bbox 731 718 798 775; x_wconf 76' lang='grc' dir='ltr'><em>αὑτό,</em></span> <span class='ocrx_word' id='word_1_64' title='bbox 820 717 894 776; x_wconf 81' lang='grc' dir='ltr'><em>ὥσπερ</em></span> <span class='ocrx_word' id='word_1_65' title='bbox 914 721 1003 776; x_wconf 80' lang='grc' dir='ltr'><em>ἴλιγγα,</em></span> <span class='ocrx_word' id='word_1_66' title='bbox 1022 719 1057 762; x_wconf 81' lang='grc' dir='ltr'>καὶ</span> 
     </span>
     <span class='ocr_line' id='line_1_8' title="bbox 99 785 1059 852; baseline -0.014 -7"><span class='ocrx_word' id='word_1_67' title='bbox 99 796 162 848; x_wconf 67' lang='grc' dir='ltr'><em>μῖξαι</em></span> <span class='ocrx_word' id='word_1_68' title='bbox 178 785 219 839; x_wconf 78' lang='grc' dir='ltr'><em>τοὶς</em></span> <span class='ocrx_word' id='word_1_69' title='bbox 235 788 327 839; x_wconf 74' lang='grc' dir='ltr'><em>οὐσίας,</em></span> <span class='ocrx_word' id='word_1_70' title='bbox 347 788 383 832; x_wconf 67' lang='grc' dir='ltr'>καί</span> <span class='ocrx_word' id='word_1_71' title='bbox 401 785 473 843; x_wconf 64' lang='grc' dir='ltr'><em>οὕτως</em></span> <span class='ocrx_word' id='word_1_72' title='bbox 489 794 510 844; x_wconf 79' lang='grc' dir='ltr'>ἐξ</span> <span class='ocrx_word' id='word_1_73' title='bbox 526 786 654 852; x_wconf 69' lang='lat' dir='ltr'>oc’aooocon‘3</span> <span class='ocrx_word' id='word_1_74' title='bbox 675 794 718 840; x_wconf 75' lang='grc' dir='ltr'>τών</span> <span class='ocrx_word' id='word_1_75' title='bbox 733 792 823 838; x_wconf 72' lang='grc' dir='ltr'><em>πάντων</em></span> <span class='ocrx_word' id='word_1_76' title='bbox 838 787 864 836; x_wconf 81' lang='grc' dir='ltr'>τὸ</span> <span class='ocrx_word' id='word_1_77' title='bbox 879 788 1059 846; x_wconf 75' lang='grc' dir='ltr'><em>νοστιμώτατον,</em></span> 
     </span>
     <span class='ocr_line' id='line_1_9' title="bbox 99 853 1058 920; baseline -0.004 -14"><span class='ocrx_word' id='word_1_78' title='bbox 99 860 154 919; x_wconf 83' lang='grc' dir='ltr'><em>ὅπερ</em></span> <span class='ocrx_word' id='word_1_79' title='bbox 170 858 228 918; x_wconf 79' lang='grc' dir='ltr'><em>πρὸς</em></span> <span class='ocrx_word' id='word_1_80' title='bbox 243 860 351 917; x_wconf 84' lang='grc' dir='ltr'><em>γέννησιν</em></span> <span class='ocrx_word' id='word_1_81' title='bbox 369 856 425 914; x_wconf 83' lang='grc' dir='ltr'>ζῶου</span> <span class='ocrx_word' id='word_1_82' title='bbox 439 857 624 918; x_wconf 78' lang='grc' dir='ltr'><em>ἐπιτηδειότατον</em></span> <span class='ocrx_word' id='word_1_83' title='bbox 639 859 680 920; x_wconf 80' lang='grc' dir='ltr'>ἦν,</span> <span class='ocrx_word' id='word_1_84' title='bbox 702 864 775 920; x_wconf 83' lang='grc' dir='ltr'><em>ὥσπερ</em></span> <span class='ocrx_word' id='word_1_85' title='bbox 795 864 819 905; x_wconf 83' lang='grc' dir='ltr'>έν</span> <span class='ocrx_word' id='word_1_86' title='bbox 834 859 893 920; x_wconf 77' lang='grc' dir='ltr'><em>χοίνη</em></span> <span class='ocrx_word' id='word_1_87' title='bbox 913 853 970 904; x_wconf 87' lang='grc' dir='ltr'><em>κατσί</em></span> <span class='ocrx_word' id='word_1_88' title='bbox 987 860 1058 915; x_wconf 83' lang='grc' dir='ltr'><em>μέσον</em></span> 
     </span>
     <span class='ocr_line' id='line_1_10' title="bbox 100 926 1058 993; baseline -0.003 -16"><span class='ocrx_word' id='word_1_89' title='bbox 100 935 182 993; x_wconf 71' lang='lat' dir='ltr'>popam</span> <span class='ocrx_word' id='word_1_90' title='bbox 196 931 239 976; x_wconf 78' lang='grc' dir='ltr'><em>τοὺ</em></span> <span class='ocrx_word' id='word_1_91' title='bbox 255 926 354 984; x_wconf 83' lang='grc' dir='ltr'><em>παντός,</em></span> <span class='ocrx_word' id='word_1_92' title='bbox 379 932 415 976; x_wconf 79' lang='grc' dir='ltr'>καὶ</span> <span class='ocrx_word' id='word_1_93' title='bbox 436 927 480 975; x_wconf 78' lang='grc' dir='ltr'>δπδ</span> <span class='ocrx_word' id='word_1_94' title='bbox 504 933 543 987; x_wconf 84' lang='grc' dir='ltr'>της</span> <span class='ocrx_word' id='word_1_95' title='bbox 563 928 639 979; x_wconf 74' lang='grc' dir='ltr'><em>πάντα</em></span> <span class='ocrx_word' id='word_1_96' title='bbox 662 933 774 992; x_wconf 70' lang='grc' dir='ltr'><em>φερούσης</em></span> <span class='ocrx_word' id='word_1_97' title='bbox 796 933 879 988; x_wconf 77' lang='grc' dir='ltr'><em>ἴλιγγος</em></span> <span class='ocrx_word' id='word_1_98' title='bbox 893 931 991 989; x_wconf 72' lang='grc' dir='ltr'><em>χωρῆσαι</em></span> <span class='ocrx_word' id='word_1_99' title='bbox 1009 929 1058 978; x_wconf 70' lang='grc' dir='ltr'>εἰς4</span> 
     </span>
    </p>

    <p class='ocr_par' dir='ltr' id='par_1_4' title="bbox 74 997 1058 1341">
     <span class='ocr_line' id='line_1_11' title="bbox 74 997 1058 1061; baseline -0.005 -13"><span class='ocrx_word' id='word_1_100' title='bbox 74 1000 239 1061; x_wconf 73' lang='grc' dir='ltr'><em>1οβοίδος,καὶ</em></span> <span class='ocrx_word' id='word_1_101' title='bbox 256 998 281 1046; x_wconf 87' lang='grc' dir='ltr'>τδ</span> <span class='ocrx_word' id='word_1_102' title='bbox 298 1000 457 1060; x_wconf 77' lang='grc' dir='ltr'><em>περικείμενον</em></span> <span class='ocrx_word' id='word_1_103' title='bbox 472 1003 564 1059; x_wconf 74' lang='grc' dir='ltr'><em>πνεῦμα</em></span> <span class='ocrx_word' id='word_1_104' title='bbox 585 1001 770 1058; x_wconf 70' lang='grc' dir='ltr'><em>ἐπισπάσασθαι,</em></span> <span class='ocrx_word' id='word_1_105' title='bbox 788 1004 824 1048; x_wconf 82' lang='grc' dir='ltr'>καί</span> <span class='ocrx_word' id='word_1_106' title='bbox 840 998 867 1052; x_wconf 65' lang='grc' dir='ltr'>οἷς</span> <span class='ocrx_word' id='word_1_107' title='bbox 882 1004 913 1051; x_wconf 85' lang='grc' dir='ltr'>εἰς</span> <span class='ocrx_word' id='word_1_108' title='bbox 928 997 1058 1058; x_wconf 79' lang='grc' dir='ltr'><em>γονιμώτα-</em></span> 
     </span>
     <span class='ocr_line' id='line_1_12' title="bbox 99 1067 1058 1132; baseline -0.004 -13"><span class='ocrx_word' id='word_1_109' title='bbox 99 1091 140 1119; x_wconf 87' lang='grc' dir='ltr'>τον</span> <span class='ocrx_word' id='word_1_110' title='bbox 156 1073 289 1129; x_wconf 68' lang='grc' dir='ltr'><em>ονλληφθέν</em></span> <span class='ocrx_word' id='word_1_111' title='bbox 304 1080 378 1116; x_wconf 84' lang='grc' dir='ltr'><em>ποιεῖν</em></span> <span class='ocrx_word' id='word_1_112' title='bbox 394 1067 494 1127; x_wconf 83' lang='grc' dir='ltr'><em>κριτικην</em></span> <span class='ocrx_word' id='word_1_113' title='bbox 511 1069 625 1118; x_wconf 79' lang='grc' dir='ltr'><em>σύστασιν.</em></span> <span class='ocrx_word' id='word_1_114' title='bbox 660 1071 735 1131; x_wconf 83' lang='grc' dir='ltr'><em>ὥσπερ</em></span> <span class='ocrx_word' id='word_1_115' title='bbox 749 1070 792 1132; x_wconf 79' lang='grc' dir='ltr'>γδρ</span> <span class='ocrx_word' id='word_1_116' title='bbox 807 1077 831 1118; x_wconf 81' lang='grc' dir='ltr'>έν</span> <span class='ocrx_word' id='word_1_117' title='bbox 845 1068 904 1130; x_wconf 64' lang='grc' dir='ltr'><em>τίγρις]</em></span> <span class='ocrx_word' id='word_1_118' title='bbox 920 1075 979 1129; x_wconf 78' lang='grc' dir='ltr'><em>φιλεῖ</em></span> <span class='ocrx_word' id='word_1_119' title='bbox 996 1072 1058 1128; x_wconf 88' lang='grc' dir='ltr'><em>γίνε-</em></span> 
     </span>
     <span class='ocr_line' id='line_1_13' title="bbox 101 1137 1057 1203; baseline -0.004 -14"><span class='ocrx_word' id='word_1_120' title='bbox 101 1149 157 1189; x_wconf 74' lang='grc' dir='ltr'><em>σθαι</em></span> <span class='ocrx_word' id='word_1_121' title='bbox 174 1139 302 1198; x_wconf 82' lang='grc' dir='ltr'><em>πομφόλαξ,</em></span> <span class='ocrx_word' id='word_1_122' title='bbox 317 1137 385 1189; x_wconf 79' lang='grc' dir='ltr'><em>οὕτως</em></span> <span class='ocrx_word' id='word_1_123' title='bbox 401 1141 538 1197; x_wconf 82' lang='grc' dir='ltr'><em>σφαιροειδές</em></span> <span class='ocrx_word' id='word_1_124' title='bbox 554 1142 862 1203; x_wconf 73' lang='grc' dir='ltr'><em>πανταχόθενοονεληφθη5</em></span> <span class='ocrx_word' id='word_1_125' title='bbox 875 1138 949 1193; x_wconf 78' lang='grc' dir='ltr'><em>κοίτας.</em></span> <span class='ocrx_word' id='word_1_126' title='bbox 979 1145 1057 1186; x_wconf 80' lang='grc' dir='ltr'><em>ἔπειτα</em></span> 
     </span>
     <span class='ocr_line' id='line_1_14' title="bbox 100 1206 1058 1269; baseline -0.004 -11"><span class='ocrx_word' id='word_1_127' title='bbox 100 1207 156 1258; x_wconf 78' lang='grc' dir='ltr'><em>αὐτὸ</em></span> <span class='ocrx_word' id='word_1_128' title='bbox 172 1216 196 1258; x_wconf 83' lang='grc' dir='ltr'>έν</span> <span class='ocrx_word' id='word_1_129' title='bbox 212 1212 283 1269; x_wconf 76' lang='grc' dir='ltr'><em>ἑαυτῷ</em></span> <span class='ocrx_word' id='word_1_130' title='bbox 299 1209 393 1268; x_wconf 70' lang='lat' dir='ltr'>copodo,</span> <span class='ocrx_word' id='word_1_131' title='bbox 408 1206 455 1253; x_wconf 82' lang='grc' dir='ltr'><em>α’πδ</em></span> <span class='ocrx_word' id='word_1_132' title='bbox 470 1210 513 1256; x_wconf 75' lang='grc' dir='ltr'>τοῦ</span> <span class='ocrx_word' id='word_1_133' title='bbox 529 1210 714 1269; x_wconf 79' lang='grc' dir='ltr'>παρειληφότος6</span> <span class='ocrx_word' id='word_1_134' title='bbox 729 1210 839 1262; x_wconf 56' lang='lat' dir='ltr'>&amp;redduco</span> <span class='ocrx_word' id='word_1_135' title='bbox 855 1209 987 1269; x_wconf 75' lang='grc' dir='ltr'><em>πνεύματος</em></span> <span class='ocrx_word' id='word_1_136' title='bbox 1001 1209 1058 1255; x_wconf 79' lang='grc' dir='ltr'><em>οἰνα-</em></span> 
     </span>
     <span class='ocr_line' id='line_1_15' title="bbox 100 1278 1058 1341; baseline -0.003 -12"><span class='ocrx_word' id='word_1_137' title='bbox 100 1281 238 1341; x_wconf 85' lang='grc' dir='ltr'><em>φερδμενον,</em></span> <span class='ocrx_word' id='word_1_138' title='bbox 263 1281 393 1337; x_wconf 79' lang='grc' dir='ltr'><em>προέκοψεν</em></span> <span class='ocrx_word' id='word_1_139' title='bbox 407 1282 439 1329; x_wconf 82' lang='grc' dir='ltr'>εἰς</span> <span class='ocrx_word' id='word_1_140' title='bbox 455 1281 501 1336; x_wconf 76' lang='grc' dir='ltr'>φώς</span> <span class='ocrx_word' id='word_1_141' title='bbox 520 1279 628 1339; x_wconf 84' lang='grc' dir='ltr'><em>μέγιστόν</em></span> <span class='ocrx_word' id='word_1_142' title='bbox 648 1299 669 1326; x_wconf 90' lang='grc' dir='ltr'>τι</span> <span class='ocrx_word' id='word_1_143' title='bbox 690 1284 757 1329; x_wconf 73' lang='grc' dir='ltr'><em>τούτο</em></span> <span class='ocrx_word' id='word_1_144' title='bbox 778 1278 917 1340; x_wconf 82' lang='grc' dir='ltr'><em>οίποκιίημα,</em></span> <span class='ocrx_word' id='word_1_145' title='bbox 937 1278 967 1333; x_wconf 67' lang='grc' dir='ltr'>οἷς</span> <span class='ocrx_word' id='word_1_146' title='bbox 986 1278 1015 1326; x_wconf 73' lang='grc' dir='ltr'>σίν</span> <span class='ocrx_word' id='word_1_147' title='bbox 1035 1286 1058 1326; x_wconf 80' lang='grc' dir='ltr'>ἐκ</span> 
     </span>
    </p>

    <p class='ocr_par' dir='ltr' id='par_1_5' title="bbox 75 1345 1058 1483">
     <span class='ocr_line' id='line_1_16' title="bbox 75 1345 1058 1412; baseline -0.003 -14"><span class='ocrx_word' id='word_1_148' title='bbox 75 1350 187 1406; x_wconf 55' lang='lat' dir='ltr'>antarta</span> <span class='ocrx_word' id='word_1_149' title='bbox 201 1352 244 1398; x_wconf 73' lang='lat' dir='ltr'>ooo</span> <span class='ocrx_word' id='word_1_150' title='bbox 260 1347 354 1407; x_wconf 77' lang='grc' dir='ltr'><em>οἷπείρσο</em></span> <span class='ocrx_word' id='word_1_151' title='bbox 369 1351 446 1407; x_wconf 71' lang='lat' dir='ltr'>paean·</span> <span class='ocrx_word' id='word_1_152' title='bbox 462 1345 647 1410; x_wconf 76' lang='grc' dir='ltr'><em>οἶποκεκοημίκον</em></span> <span class='ocrx_word' id='word_1_153' title='bbox 663 1355 768 1412; x_wconf 80' lang='grc' dir='ltr'><em>ε”μνγαχον</em></span> <span class='ocrx_word' id='word_1_154' title='bbox 783 1349 958 1410; x_wconf 74' lang='grc' dir='ltr'><em>δημιούργημα,</em></span> <span class='ocrx_word' id='word_1_155' title='bbox 976 1353 1013 1397; x_wconf 80' lang='grc' dir='ltr'>καὶ</span> <span class='ocrx_word' id='word_1_156' title='bbox 1030 1353 1058 1409; x_wconf 75' lang='grc' dir='ltr'>τῇ</span> 
     </span>
     <span class='ocr_line' id='line_1_17' title="bbox 100 1415 861 1483; baseline -0.004 -13"><span class='ocrx_word' id='word_1_157' title='bbox 100 1424 229 1483; x_wconf 81' lang='grc' dir='ltr'><em>περιφερείᾳ</em></span> <span class='ocrx_word' id='word_1_158' title='bbox 242 1423 287 1467; x_wconf 77' lang='grc' dir='ltr'>τῶν</span> <span class='ocrx_word' id='word_1_159' title='bbox 302 1415 351 1465; x_wconf 72' lang='grc' dir='ltr'><em>οἷαν</em></span> <span class='ocrx_word' id='word_1_160' title='bbox 367 1416 510 1477; x_wconf 81' lang='grc' dir='ltr'><em>προοεοικδς,</em></span> <span class='ocrx_word' id='word_1_161' title='bbox 525 1423 560 1467; x_wconf 82' lang='grc' dir='ltr'>καὶ</span> <span class='ocrx_word' id='word_1_162' title='bbox 576 1423 606 1480; x_wconf 79' lang='grc' dir='ltr'>τῷ</span> <span class='ocrx_word' id='word_1_163' title='bbox 620 1417 683 1482; x_wconf 70' lang='lat' dir='ltr'>adpo</span> <span class='ocrx_word' id='word_1_164' title='bbox 698 1423 739 1480; x_wconf 82' lang='grc' dir='ltr'>της</span> <span class='ocrx_word' id='word_1_165' title='bbox 754 1418 861 1479; x_wconf 75' lang='grc' dir='ltr'><em>πτήσεως,</em></span> 
     </span>
    </p>
   </div>
   <div class='ocr_carea' id='block_1_3' title="bbox 73 1561 1058 2678">
    <p class='ocr_par' dir='ltr' id='par_1_6' title="bbox 99 1561 1058 1762">
     <span class='ocr_line' id='line_1_18' title="bbox 157 1561 1057 1619; baseline -0.004 -12"><span class='ocrx_word' id='word_1_166' title='bbox 157 1564 189 1608; x_wconf 88' lang='lat' dir='ltr'>IV.</span> <span class='ocrx_word' id='word_1_167' title='bbox 220 1561 271 1605; x_wconf 83' lang='lat' dir='ltr'>Cum</span> <span class='ocrx_word' id='word_1_168' title='bbox 285 1561 369 1604; x_wconf 88' lang='lat' dir='ltr'>materia</span> <span class='ocrx_word' id='word_1_169' title='bbox 385 1567 474 1616; x_wconf 88' lang='lat' dir='ltr'>quatuor</span> <span class='ocrx_word' id='word_1_170' title='bbox 490 1574 568 1617; x_wconf 81' lang='lat' dir='ltr'>genera</span> <span class='ocrx_word' id='word_1_171' title='bbox 584 1562 724 1617; x_wconf 88' lang='lat' dir='ltr'>complectens</span> <span class='ocrx_word' id='word_1_172' title='bbox 739 1561 825 1605; x_wconf 84' lang='lat' dir='ltr'>baberet</span> <span class='ocrx_word' id='word_1_173' title='bbox 840 1562 936 1619; x_wconf 86' lang='lat' dir='ltr'>animam,</span> <span class='ocrx_word' id='word_1_174' title='bbox 958 1566 978 1604; x_wconf 90' lang='lat' dir='ltr'>et</span> <span class='ocrx_word' id='word_1_175' title='bbox 993 1566 1057 1605; x_wconf 92' lang='lat' dir='ltr'>totum</span> 
     </span>
     <span class='ocr_line' id='line_1_19' title="bbox 99 1631 1057 1689; baseline -0.005 -9"><span class='ocrx_word' id='word_1_176' title='bbox 99 1638 221 1680; x_wconf 93' lang='lat' dir='ltr'>immensum</span> <span class='ocrx_word' id='word_1_177' title='bbox 237 1633 341 1689; x_wconf 80' lang='lat' dir='ltr'>quoddam</span> <span class='ocrx_word' id='word_1_178' title='bbox 355 1631 480 1687; x_wconf 84' lang='lat' dir='ltr'>profundum</span> <span class='ocrx_word' id='word_1_179' title='bbox 496 1644 578 1686; x_wconf 82' lang='lat' dir='ltr'><strong>semper</strong></span> <span class='ocrx_word' id='word_1_180' title='bbox 593 1632 667 1675; x_wconf 87' lang='lat' dir='ltr'>flueret</span> <span class='ocrx_word' id='word_1_181' title='bbox 683 1645 707 1674; x_wconf 90' lang='lat' dir='ltr'>ac</span> <span class='ocrx_word' id='word_1_182' title='bbox 722 1637 801 1675; x_wconf 91' lang='lat' dir='ltr'>temere</span> <span class='ocrx_word' id='word_1_183' title='bbox 816 1632 906 1676; x_wconf 85' lang='lat' dir='ltr'>ferretur</span> <span class='ocrx_word' id='word_1_184' title='bbox 925 1639 946 1675; x_wconf 86' lang='lat' dir='ltr'>et</span> <span class='ocrx_word' id='word_1_185' title='bbox 960 1634 1057 1675; x_wconf 89' lang='lat' dir='ltr'>innume-</span> 
     </span>
     <span class='ocr_line' id='line_1_20' title="bbox 99 1703 1058 1762; baseline -0.005 -11"><span class='ocrx_word' id='word_1_186' title='bbox 99 1721 133 1751; x_wconf 89' lang='lat' dir='ltr'>ras</span> <span class='ocrx_word' id='word_1_187' title='bbox 149 1706 278 1762; x_wconf 79' lang='lat' dir='ltr'>imperfectas</span> <span class='ocrx_word' id='word_1_188' title='bbox 293 1705 399 1746; x_wconf 77' lang='lat' dir='ltr'>mistiones</span> <span class='ocrx_word' id='word_1_189' title='bbox 414 1703 501 1746; x_wconf 85' lang='lat' dir='ltr'>subinde</span> <span class='ocrx_word' id='word_1_190' title='bbox 515 1703 657 1759; x_wconf 77' lang='lat' dir='ltr'>profunderet,</span> <span class='ocrx_word' id='word_1_191' title='bbox 674 1708 735 1758; x_wconf 87' lang='lat' dir='ltr'>atque</span> <span class='ocrx_word' id='word_1_192' title='bbox 750 1703 798 1745; x_wconf 90' lang='lat' dir='ltr'>ideo</span> <span class='ocrx_word' id='word_1_193' title='bbox 814 1704 858 1746; x_wconf 92' lang='lat' dir='ltr'>illas</span> <span class='ocrx_word' id='word_1_194' title='bbox 873 1705 898 1746; x_wconf 95' lang='lat' dir='ltr'>ob</span> <span class='ocrx_word' id='word_1_195' title='bbox 914 1704 1058 1747; x_wconf 80' lang='lat' dir='ltr'>confusionem</span> 
     </span>
    </p>

    <p class='ocr_par' dir='ltr' id='par_1_7' title="bbox 75 1773 1058 2114">
     <span class='ocr_line' id='line_1_21' title="bbox 75 1773 1057 1832; baseline -0.006 -10"><span class='ocrx_word' id='word_1_196' title='bbox 75 1779 203 1828; x_wconf 77' lang='lat' dir='ltr'>absolveret,</span> <span class='ocrx_word' id='word_1_197' title='bbox 218 1788 258 1818; x_wconf 91' lang='lat' dir='ltr'>neo</span> <span class='ocrx_word' id='word_1_198' title='bbox 273 1787 316 1816; x_wconf 91' lang='lat' dir='ltr'>non</span> <span class='ocrx_word' id='word_1_199' title='bbox 332 1775 398 1815; x_wconf 88' lang='lat' dir='ltr'>hiaret</span> <span class='ocrx_word' id='word_1_200' title='bbox 413 1774 472 1828; x_wconf 89' lang='lat' dir='ltr'>quasi</span> <span class='ocrx_word' id='word_1_201' title='bbox 488 1773 512 1816; x_wconf 92' lang='lat' dir='ltr'>ad</span> <span class='ocrx_word' id='word_1_202' title='bbox 528 1775 686 1829; x_wconf 76' lang='lat' dir='ltr'>generationem</span> <span class='ocrx_word' id='word_1_203' title='bbox 700 1774 791 1817; x_wconf 84' lang='lat' dir='ltr'>animatis</span> <span class='ocrx_word' id='word_1_204' title='bbox 806 1786 848 1816; x_wconf 90' lang='lat' dir='ltr'>non</span> <span class='ocrx_word' id='word_1_205' title='bbox 863 1779 935 1828; x_wconf 89' lang='lat' dir='ltr'>posset</span> <span class='ocrx_word' id='word_1_206' title='bbox 949 1776 1057 1832; x_wconf 77' lang='lat' dir='ltr'>compingi,</span> 
     </span>
     <span class='ocr_line' id='line_1_22' title="bbox 98 1845 1058 1904; baseline -0.002 -13"><span class='ocrx_word' id='word_1_207' title='bbox 98 1848 207 1904; x_wconf 87' lang='lat' dir='ltr'>aliquando</span> <span class='ocrx_word' id='word_1_208' title='bbox 223 1846 319 1900; x_wconf 78' lang='lat' dir='ltr'>contigit,</span> <span class='ocrx_word' id='word_1_209' title='bbox 333 1845 418 1886; x_wconf 85' lang='lat' dir='ltr'>utillud</span> <span class='ocrx_word' id='word_1_210' title='bbox 433 1845 531 1887; x_wconf 88' lang='lat' dir='ltr'>infinitum</span> <span class='ocrx_word' id='word_1_211' title='bbox 545 1846 639 1902; x_wconf 77' lang='lat' dir='ltr'>pelagus,</span> <span class='ocrx_word' id='word_1_212' title='bbox 653 1858 692 1900; x_wconf 92' lang='lat' dir='ltr'>per</span> <span class='ocrx_word' id='word_1_213' title='bbox 707 1846 810 1900; x_wconf 89' lang='lat' dir='ltr'>propriam</span> <span class='ocrx_word' id='word_1_214' title='bbox 825 1849 919 1887; x_wconf 87' lang='lat' dir='ltr'>naturam</span> <span class='ocrx_word' id='word_1_215' title='bbox 934 1858 1058 1889; x_wconf 91' lang='lat' dir='ltr'>concussum</span> 
     </span>
     <span class='ocr_line' id='line_1_23' title="bbox 98 1914 1057 1971; baseline -0.001 -10"><span class='ocrx_word' id='word_1_216' title='bbox 98 1925 155 1961; x_wconf 91' lang='lat' dir='ltr'>motu</span> <span class='ocrx_word' id='word_1_217' title='bbox 170 1916 267 1971; x_wconf 85' lang='lat' dir='ltr'>naturali,</span> <span class='ocrx_word' id='word_1_218' title='bbox 283 1914 378 1957; x_wconf 89' lang='lat' dir='ltr'>ordinate</span> <span class='ocrx_word' id='word_1_219' title='bbox 394 1915 418 1956; x_wconf 85' lang='lat' dir='ltr'>ab</span> <span class='ocrx_word' id='word_1_220' title='bbox 435 1914 509 1957; x_wconf 89' lang='lat' dir='ltr'>eodem</span> <span class='ocrx_word' id='word_1_221' title='bbox 526 1915 551 1957; x_wconf 91' lang='lat' dir='ltr'>ad</span> <span class='ocrx_word' id='word_1_222' title='bbox 566 1916 620 1958; x_wconf 90' lang='lat' dir='ltr'>idem</span> <span class='ocrx_word' id='word_1_223' title='bbox 635 1917 699 1959; x_wconf 91' lang='lat' dir='ltr'>instar</span> <span class='ocrx_word' id='word_1_224' title='bbox 715 1916 798 1958; x_wconf 88' lang='lat' dir='ltr'>vorticis</span> <span class='ocrx_word' id='word_1_225' title='bbox 813 1914 888 1957; x_wconf 84' lang='lat' dir='ltr'>flueret</span> <span class='ocrx_word' id='word_1_226' title='bbox 894 1948 900 1971; x_wconf 93' lang='lat'>,</span> <span class='ocrx_word' id='word_1_227' title='bbox 920 1916 1057 1961; x_wconf 84' lang='lat' dir='ltr'>substantias-</span> 
     </span>
     <span class='ocr_line' id='line_1_24' title="bbox 99 1985 1057 2046; baseline -0.003 -14"><span class='ocrx_word' id='word_1_228' title='bbox 99 2003 140 2046; x_wconf 86' lang='lat' dir='ltr'>que</span> <span class='ocrx_word' id='word_1_229' title='bbox 154 1988 259 2039; x_wconf 84' lang='lat' dir='ltr'>miscoret;</span> <span class='ocrx_word' id='word_1_230' title='bbox 274 1986 346 2040; x_wconf 90' lang='lat' dir='ltr'>sicque</span> <span class='ocrx_word' id='word_1_231' title='bbox 362 1985 434 2027; x_wconf 89' lang='lat' dir='ltr'>mirum</span> <span class='ocrx_word' id='word_1_232' title='bbox 449 1987 470 2026; x_wconf 93' lang='lat' dir='ltr'>in</span> <span class='ocrx_word' id='word_1_233' title='bbox 486 1986 580 2044; x_wconf 87' lang='lat' dir='ltr'>modum,</span> <span class='ocrx_word' id='word_1_234' title='bbox 604 1987 660 2042; x_wconf 94' lang='lat' dir='ltr'>quod</span> <span class='ocrx_word' id='word_1_235' title='bbox 677 1988 767 2030; x_wconf 92' lang='lat' dir='ltr'>omnium</span> <span class='ocrx_word' id='word_1_236' title='bbox 788 1987 885 2041; x_wconf 89' lang='lat' dir='ltr'>optimum</span> <span class='ocrx_word' id='word_1_237' title='bbox 901 1999 925 2028; x_wconf 87' lang='lat' dir='ltr'>ac</span> <span class='ocrx_word' id='word_1_238' title='bbox 941 1989 1057 2032; x_wconf 88' lang='lat' dir='ltr'>maturissi-</span> 
     </span>
     <span class='ocr_line' id='line_1_25' title="bbox 98 2056 1057 2114; baseline 0 -12"><span class='ocrx_word' id='word_1_239' title='bbox 98 2073 153 2102; x_wconf 90' lang='lat' dir='ltr'>mum</span> <span class='ocrx_word' id='word_1_240' title='bbox 168 2062 214 2101; x_wconf 88' lang='lat' dir='ltr'>erat</span> <span class='ocrx_word' id='word_1_241' title='bbox 229 2063 291 2112; x_wconf 88' lang='lat' dir='ltr'>atque</span> <span class='ocrx_word' id='word_1_242' title='bbox 308 2056 333 2098; x_wconf 91' lang='lat' dir='ltr'>ad</span> <span class='ocrx_word' id='word_1_243' title='bbox 349 2057 504 2111; x_wconf 78' lang='lat' dir='ltr'>generationem</span> <span class='ocrx_word' id='word_1_244' title='bbox 521 2057 611 2100; x_wconf 87' lang='lat' dir='ltr'>animalis</span> <span class='ocrx_word' id='word_1_245' title='bbox 635 2058 771 2112; x_wconf 90' lang='lat' dir='ltr'>aptissimum,</span> <span class='ocrx_word' id='word_1_246' title='bbox 792 2057 849 2099; x_wconf 86' lang='lat' dir='ltr'>velut</span> <span class='ocrx_word' id='word_1_247' title='bbox 869 2058 890 2098; x_wconf 89' lang='lat' dir='ltr'>in</span> <span class='ocrx_word' id='word_1_248' title='bbox 912 2057 999 2099; x_wconf 87' lang='lat' dir='ltr'>fornace</span> <span class='ocrx_word' id='word_1_249' title='bbox 1019 2072 1057 2114; x_wconf 91' lang='lat' dir='ltr'>per</span> 
     </span>
    </p>

    <p class='ocr_par' dir='ltr' id='par_1_8' title="bbox 73 2126 1057 2466">
     <span class='ocr_line' id='line_1_26' title="bbox 73 2126 1056 2183; baseline -0.003 -9"><span class='ocrx_word' id='word_1_250' title='bbox 73 2130 185 2174; x_wconf 71' lang='lat' dir='ltr'>comediam</span> <span class='ocrx_word' id='word_1_251' title='bbox 201 2128 324 2169; x_wconf 84' lang='lat' dir='ltr'>decurrerat</span> <span class='ocrx_word' id='word_1_252' title='bbox 339 2127 499 2181; x_wconf 82' lang='lat' dir='ltr'>universitatem,</span> <span class='ocrx_word' id='word_1_253' title='bbox 515 2131 535 2167; x_wconf 92' lang='lat' dir='ltr'>et</span> <span class='ocrx_word' id='word_1_254' title='bbox 549 2139 586 2180; x_wconf 88' lang='lat' dir='ltr'>per</span> <span class='ocrx_word' id='word_1_255' title='bbox 602 2132 675 2169; x_wconf 88' lang='lat' dir='ltr'>cuncta</span> <span class='ocrx_word' id='word_1_256' title='bbox 687 2126 788 2169; x_wconf 84' lang='lat' dir='ltr'>ferentem</span> <span class='ocrx_word' id='word_1_257' title='bbox 802 2128 902 2170; x_wconf 85' lang='lat' dir='ltr'>vorticem</span> <span class='ocrx_word' id='word_1_258' title='bbox 916 2129 956 2170; x_wconf 88' lang='lat' dir='ltr'>iret</span> <span class='ocrx_word' id='word_1_259' title='bbox 970 2128 994 2169; x_wconf 92' lang='lat' dir='ltr'>ad</span> <span class='ocrx_word' id='word_1_260' title='bbox 1004 2141 1056 2183; x_wconf 92' lang='lat' dir='ltr'>pro-</span> 
     </span>
     <span class='ocr_line' id='line_1_27' title="bbox 98 2197 1056 2256; baseline -0.003 -12"><span class='ocrx_word' id='word_1_261' title='bbox 98 2201 194 2256; x_wconf 83' lang='lat' dir='ltr'>fundum,</span> <span class='ocrx_word' id='word_1_262' title='bbox 211 2197 398 2252; x_wconf 83' lang='lat' dir='ltr'>circumfusumque</span> <span class='ocrx_word' id='word_1_263' title='bbox 414 2198 505 2251; x_wconf 90' lang='lat' dir='ltr'>spiritum</span> <span class='ocrx_word' id='word_1_264' title='bbox 521 2197 644 2249; x_wconf 85' lang='lat' dir='ltr'>attraheret;</span> <span class='ocrx_word' id='word_1_265' title='bbox 669 2209 708 2240; x_wconf 87' lang='lat' dir='ltr'>neo</span> <span class='ocrx_word' id='word_1_266' title='bbox 728 2210 771 2239; x_wconf 91' lang='lat' dir='ltr'>non</span> <span class='ocrx_word' id='word_1_267' title='bbox 787 2198 844 2253; x_wconf 89' lang='lat' dir='ltr'>quasi</span> <span class='ocrx_word' id='word_1_268' title='bbox 863 2199 884 2239; x_wconf 92' lang='lat' dir='ltr'>in</span> <span class='ocrx_word' id='word_1_269' title='bbox 899 2199 1007 2240; x_wconf 84' lang='lat' dir='ltr'>maximam</span> <span class='ocrx_word' id='word_1_270' title='bbox 1022 2199 1056 2241; x_wconf 87' lang='lat' dir='ltr'>fe-</span> 
     </span>
     <span class='ocr_line' id='line_1_28' title="bbox 99 2268 1057 2323; baseline -0.002 -10"><span class='ocrx_word' id='word_1_271' title='bbox 99 2271 224 2314; x_wconf 85' lang='lat' dir='ltr'>cunditatem</span> <span class='ocrx_word' id='word_1_272' title='bbox 240 2273 362 2322; x_wconf 88' lang='lat' dir='ltr'>conceptum</span> <span class='ocrx_word' id='word_1_273' title='bbox 376 2268 455 2311; x_wconf 87' lang='lat' dir='ltr'>faceret</span> <span class='ocrx_word' id='word_1_274' title='bbox 471 2268 579 2311; x_wconf 82' lang='lat' dir='ltr'>discretam</span> <span class='ocrx_word' id='word_1_275' title='bbox 595 2268 772 2323; x_wconf 80' lang='lat' dir='ltr'>compositionem.</span> <span class='ocrx_word' id='word_1_276' title='bbox 810 2268 984 2318; x_wconf 81' lang='lat' dir='ltr'>Quemadmodum</span> <span class='ocrx_word' id='word_1_277' title='bbox 1004 2271 1057 2312; x_wconf 93' lang='lat' dir='ltr'>enim</span> 
     </span>
     <span class='ocr_line' id='line_1_29' title="bbox 98 2338 1056 2397; baseline 0 -14"><span class='ocrx_word' id='word_1_278' title='bbox 98 2341 119 2383; x_wconf 89' lang='lat' dir='ltr'>in</span> <span class='ocrx_word' id='word_1_279' title='bbox 133 2340 216 2382; x_wconf 91' lang='lat' dir='ltr'>humido</span> <span class='ocrx_word' id='word_1_280' title='bbox 232 2339 277 2380; x_wconf 89' lang='lat' dir='ltr'>fieri</span> <span class='ocrx_word' id='word_1_281' title='bbox 292 2339 346 2381; x_wconf 87' lang='lat' dir='ltr'>solet</span> <span class='ocrx_word' id='word_1_282' title='bbox 360 2339 426 2397; x_wconf 88' lang='lat' dir='ltr'>bulla,</span> <span class='ocrx_word' id='word_1_283' title='bbox 441 2340 468 2382; x_wconf 85' lang='lat' dir='ltr'>ita</span> <span class='ocrx_word' id='word_1_284' title='bbox 485 2339 620 2382; x_wconf 89' lang='lat' dir='ltr'>orbiculatum</span> <span class='ocrx_word' id='word_1_285' title='bbox 634 2338 726 2393; x_wconf 91' lang='lat' dir='ltr'>undique</span> <span class='ocrx_word' id='word_1_286' title='bbox 742 2338 912 2394; x_wconf 88' lang='lat' dir='ltr'>comprehensum</span> <span class='ocrx_word' id='word_1_287' title='bbox 928 2344 958 2383; x_wconf 91' lang='lat' dir='ltr'>est</span> <span class='ocrx_word' id='word_1_288' title='bbox 973 2351 1056 2395; x_wconf 81' lang='lat' dir='ltr'>corpus.</span> 
     </span>
     <span class='ocr_line' id='line_1_30' title="bbox 99 2410 1056 2466; baseline -0.001 -13"><span class='ocrx_word' id='word_1_289' title='bbox 99 2410 178 2453; x_wconf 87' lang='lat' dir='ltr'>Deinde</span> <span class='ocrx_word' id='word_1_290' title='bbox 193 2412 259 2465; x_wconf 92' lang='lat' dir='ltr'>ipsum</span> <span class='ocrx_word' id='word_1_291' title='bbox 274 2410 295 2451; x_wconf 90' lang='lat' dir='ltr'>in</span> <span class='ocrx_word' id='word_1_292' title='bbox 310 2411 379 2465; x_wconf 91' lang='lat' dir='ltr'>seipso</span> <span class='ocrx_word' id='word_1_293' title='bbox 395 2416 526 2465; x_wconf 85' lang='lat' dir='ltr'>conceptum,</span> <span class='ocrx_word' id='word_1_294' title='bbox 543 2411 634 2453; x_wconf 91' lang='lat' dir='ltr'>adivino</span> <span class='ocrx_word' id='word_1_295' title='bbox 651 2411 686 2465; x_wconf 89' lang='lat' dir='ltr'>qui</span> <span class='ocrx_word' id='word_1_296' title='bbox 702 2415 827 2454; x_wconf 89' lang='lat' dir='ltr'>assumserat</span> <span class='ocrx_word' id='word_1_297' title='bbox 842 2410 913 2464; x_wconf 90' lang='lat' dir='ltr'>spiritu</span> <span class='ocrx_word' id='word_1_298' title='bbox 928 2411 1056 2466; x_wconf 85' lang='lat' dir='ltr'>subrectum,</span> 
     </span>
    </p>

    <p class='ocr_par' dir='ltr' id='par_1_9' title="bbox 75 2481 1055 2678">
     <span class='ocr_line' id='line_1_31' title="bbox 75 2481 1055 2537; baseline -0.002 -11"><span class='ocrx_word' id='word_1_299' title='bbox 75 2482 120 2527; x_wconf 74' lang='lat' dir='ltr'>eoin</span> <span class='ocrx_word' id='word_1_300' title='bbox 135 2483 201 2523; x_wconf 88' lang='lat' dir='ltr'>lucem</span> <span class='ocrx_word' id='word_1_301' title='bbox 216 2481 291 2536; x_wconf 92' lang='lat' dir='ltr'>prodiit</span> <span class='ocrx_word' id='word_1_302' title='bbox 307 2483 417 2523; x_wconf 84' lang='lat' dir='ltr'>maximum</span> <span class='ocrx_word' id='word_1_303' title='bbox 432 2482 472 2524; x_wconf 92' lang='lat' dir='ltr'>hoc</span> <span class='ocrx_word' id='word_1_304' title='bbox 488 2495 575 2537; x_wconf 81' lang='lat' dir='ltr'>germen</span> <span class='ocrx_word' id='word_1_305' title='bbox 590 2494 629 2524; x_wconf 91' lang='lat' dir='ltr'>seu</span> <span class='ocrx_word' id='word_1_306' title='bbox 645 2482 708 2536; x_wconf 87' lang='lat' dir='ltr'>fetus,</span> <span class='ocrx_word' id='word_1_307' title='bbox 730 2487 832 2535; x_wconf 84' lang='lat' dir='ltr'>tamquam</span> <span class='ocrx_word' id='word_1_308' title='bbox 846 2494 873 2523; x_wconf 84' lang='lat' dir='ltr'>ex</span> <span class='ocrx_word' id='word_1_309' title='bbox 887 2483 942 2523; x_wconf 90' lang='lat' dir='ltr'>omni</span> <span class='ocrx_word' id='word_1_310' title='bbox 956 2482 1055 2524; x_wconf 88' lang='lat' dir='ltr'>immenso</span> 
     </span>
     <span class='ocr_line' id='line_1_32' title="bbox 99 2553 1055 2609; baseline 0.001 -14"><span class='ocrx_word' id='word_1_311' title='bbox 99 2553 203 2609; x_wconf 86' lang='lat' dir='ltr'>profundo</span> <span class='ocrx_word' id='word_1_312' title='bbox 218 2553 349 2607; x_wconf 79' lang='lat' dir='ltr'>progenitum</span> <span class='ocrx_word' id='word_1_313' title='bbox 365 2553 466 2608; x_wconf 83' lang='lat' dir='ltr'>opificium</span> <span class='ocrx_word' id='word_1_314' title='bbox 482 2554 602 2609; x_wconf 87' lang='lat' dir='ltr'>animatum,</span> <span class='ocrx_word' id='word_1_315' title='bbox 618 2554 682 2596; x_wconf 83' lang='lat' dir='ltr'>simile</span> <span class='ocrx_word' id='word_1_316' title='bbox 699 2553 743 2595; x_wconf 88' lang='lat' dir='ltr'>ovis</span> <span class='ocrx_word' id='word_1_317' title='bbox 759 2565 796 2607; x_wconf 90' lang='lat' dir='ltr'>per</span> <span class='ocrx_word' id='word_1_318' title='bbox 811 2553 957 2596; x_wconf 85' lang='lat' dir='ltr'>rotunditatem</span> <span class='ocrx_word' id='word_1_319' title='bbox 974 2559 994 2596; x_wconf 85' lang='lat' dir='ltr'>et</span> <span class='ocrx_word' id='word_1_320' title='bbox 1009 2555 1055 2596; x_wconf 87' lang='lat' dir='ltr'>avi-</span> 
     </span>
     <span class='ocr_line' id='line_1_33' title="bbox 100 2623 335 2678; baseline 0 -11"><span class='ocrx_word' id='word_1_321' title='bbox 100 2625 138 2669; x_wconf 85' lang='lat' dir='ltr'>bus</span> <span class='ocrx_word' id='word_1_322' title='bbox 154 2636 192 2678; x_wconf 89' lang='lat' dir='ltr'>per</span> <span class='ocrx_word' id='word_1_323' title='bbox 204 2623 335 2667; x_wconf 83' lang='lat' dir='ltr'>celeritatem.</span> 
     </span>
    </p>
   </div>
   <div class='ocr_carea' id='block_1_4' title="bbox 98 2814 1055 3280">
    <p class='ocr_par' dir='ltr' id='par_1_10' title="bbox 98 2814 1055 3280">
     <span class='ocr_line' id='line_1_34' title="bbox 130 2814 927 2878; baseline -0.003 -14"><span class='ocrx_word' id='word_1_324' title='bbox 130 2825 148 2864; x_wconf 91' lang='lat' dir='ltr'>t.</span> <span class='ocrx_word' id='word_1_325' title='bbox 179 2814 423 2878; x_wconf 69' lang='grc' dir='ltr'><em>κροίσειςδλλοτειίλλας,</em></span> <span class='ocrx_word' id='word_1_326' title='bbox 439 2820 565 2874; x_wconf 82' lang='lat' dir='ltr'>deletaprae·</span> <span class='ocrx_word' id='word_1_327' title='bbox 619 2822 639 2863; x_wconf 78' lang='grc'>4.</span> <span class='ocrx_word' id='word_1_328' title='bbox 670 2817 697 2868; x_wconf 83' lang='grc' dir='ltr'>εἰς</span> <span class='ocrx_word' id='word_1_329' title='bbox 713 2817 780 2862; x_wconf 74' lang='lat' dir='ltr'>excidit</span> <span class='ocrx_word' id='word_1_330' title='bbox 794 2835 822 2874; x_wconf 85' lang='lat' dir='ltr'>up.</span> <span class='ocrx_word' id='word_1_331' title='bbox 839 2822 859 2863; x_wconf 84' lang='lat' dir='ltr'>ct</span> <span class='ocrx_word' id='word_1_332' title='bbox 875 2831 893 2863; x_wconf 90' lang='lat' dir='ltr'>et</span> <span class='ocrx_word' id='word_1_333' title='bbox 908 2823 927 2864; x_wconf 84' lang='lat' dir='ltr'>S.</span> 
     </span>
     <span class='ocr_line' id='line_1_35' title="bbox 98 2879 1055 2935; baseline -0.003 -11"><span class='ocrx_word' id='word_1_334' title='bbox 98 2883 203 2934; x_wconf 80' lang='lat' dir='ltr'>positione,</span> <span class='ocrx_word' id='word_1_335' title='bbox 219 2882 259 2932; x_wconf 80' lang='lat' dir='ltr'>legi</span> <span class='ocrx_word' id='word_1_336' title='bbox 274 2883 311 2921; x_wconf 88' lang='lat' dir='ltr'>vult</span> <span class='ocrx_word' id='word_1_337' title='bbox 326 2884 347 2923; x_wconf 90' lang='lat' dir='ltr'>D.</span> <span class='ocrx_word' id='word_1_338' title='bbox 620 2887 638 2921; x_wconf 81' lang='lat'>5.</span> <span class='ocrx_word' id='word_1_339' title='bbox 669 2879 775 2935; x_wconf 75' lang='grc' dir='ltr'><em>σονειληθη</em></span> <span class='ocrx_word' id='word_1_340' title='bbox 782 2885 848 2923; x_wconf 80' lang='lat' dir='ltr'>mavult</span> <span class='ocrx_word' id='word_1_341' title='bbox 856 2885 932 2922; x_wconf 83' lang='lat' dir='ltr'>Lobeclr</span> <span class='ocrx_word' id='word_1_342' title='bbox 940 2886 951 2924; x_wconf 90' lang='lat' dir='ltr'>l.</span> <span class='ocrx_word' id='word_1_343' title='bbox 960 2879 972 2922; x_wconf 81' lang='lat' dir='ltr'>l.</span> <span class='ocrx_word' id='word_1_344' title='bbox 980 2893 998 2933; x_wconf 92' lang='lat' dir='ltr'>p.</span> <span class='ocrx_word' id='word_1_345' title='bbox 1007 2881 1055 2923; x_wconf 77' lang='lat' dir='ltr'>att.</span> 
     </span>
     <span class='ocr_line' id='line_1_36' title="bbox 128 2937 1055 2992; baseline -0.003 -9"><span class='ocrx_word' id='word_1_346' title='bbox 128 2949 148 2983; x_wconf 82' lang='lat'>2.</span> <span class='ocrx_word' id='word_1_347' title='bbox 179 2940 207 2988; x_wconf 80' lang='grc' dir='ltr'>ὡς</span> <span class='ocrx_word' id='word_1_348' title='bbox 223 2944 242 2981; x_wconf 84' lang='lat' dir='ltr'>G.</span> <span class='ocrx_word' id='word_1_349' title='bbox 590 2941 608 2979; x_wconf 77' lang='lat' dir='ltr'>S.</span> <span class='ocrx_word' id='word_1_350' title='bbox 639 2937 756 2986; x_wconf 81' lang='grc' dir='ltr'><em>Τοιιικδιος</em></span> <span class='ocrx_word' id='word_1_351' title='bbox 776 2945 824 2992; x_wconf 87' lang='lat' dir='ltr'>conj.</span> <span class='ocrx_word' id='word_1_352' title='bbox 840 2943 864 2991; x_wconf 82' lang='lat' dir='ltr'>G,</span> <span class='ocrx_word' id='word_1_353' title='bbox 888 2938 961 2988; x_wconf 85' lang='grc' dir='ltr'><em>νοκκδς</em></span> <span class='ocrx_word' id='word_1_354' title='bbox 979 2948 1055 2992; x_wconf 89' lang='lat' dir='ltr'>uterque</span> 
     </span>
     <span class='ocr_line' id='line_1_37' title="bbox 128 2996 733 3050; baseline -0.007 -9"><span class='ocrx_word' id='word_1_355' title='bbox 128 3007 147 3041; x_wconf 86' lang='grc'>3,</span> <span class='ocrx_word' id='word_1_356' title='bbox 178 3001 200 3050; x_wconf 75' lang='grc' dir='ltr'>ἐξ</span> <span class='ocrx_word' id='word_1_357' title='bbox 214 2996 302 3042; x_wconf 72' lang='grc' dir='ltr'><em>ἕκαστον</em></span> <span class='ocrx_word' id='word_1_358' title='bbox 317 3000 380 3039; x_wconf 83' lang='lat' dir='ltr'>scribit</span> <span class='ocrx_word' id='word_1_359' title='bbox 387 3003 409 3049; x_wconf 86' lang='lat' dir='ltr'>D,</span> <span class='ocrx_word' id='word_1_360' title='bbox 424 3003 514 3050; x_wconf 85' lang='lat' dir='ltr'>probante</span> <span class='ocrx_word' id='word_1_361' title='bbox 528 3000 565 3038; x_wconf 85' lang='lat' dir='ltr'>Lo·</span> <span class='ocrx_word' id='word_1_362' title='bbox 589 3001 641 3039; x_wconf 91' lang='lat' dir='ltr'>Hom.</span> <span class='ocrx_word' id='word_1_363' title='bbox 658 3000 733 3037; x_wconf 73' lang='lat' dir='ltr'>codex:</span> 
     </span>
     <span class='ocr_line' id='line_1_38' title="bbox 99 3055 1055 3112; baseline -0.002 -13"><span class='ocrx_word' id='word_1_364' title='bbox 99 3061 165 3099; x_wconf 82' lang='lat' dir='ltr'>beokio</span> <span class='ocrx_word' id='word_1_365' title='bbox 180 3062 274 3110; x_wconf 71' lang='lat' dir='ltr'>Aglaopb,</span> <span class='ocrx_word' id='word_1_366' title='bbox 290 3072 309 3109; x_wconf 72' lang='lat' dir='ltr'>p,</span> <span class='ocrx_word' id='word_1_367' title='bbox 325 3061 373 3098; x_wconf 76' lang='lat'>475.</span> <span class='ocrx_word' id='word_1_368' title='bbox 412 3061 465 3106; x_wconf 80' lang='lat' dir='ltr'>Quod</span> <span class='ocrx_word' id='word_1_369' title='bbox 481 3062 495 3098; x_wconf 89' lang='lat' dir='ltr'><strong><em>G</em></strong></span> <span class='ocrx_word' id='word_1_370' title='bbox 510 3058 565 3098; x_wconf 86' lang='lat' dir='ltr'>vertit</span> <span class='ocrx_word' id='word_1_371' title='bbox 608 3060 637 3098; x_wconf 78' lang='lat' dir='ltr'>d.</span> <span class='ocrx_word' id='word_1_372' title='bbox 669 3055 814 3112; x_wconf 73' lang='grc' dir='ltr'><em>κατειληφότος</em></span> <span class='ocrx_word' id='word_1_373' title='bbox 845 3064 897 3099; x_wconf 84' lang='lat' dir='ltr'>recte</span> <span class='ocrx_word' id='word_1_374' title='bbox 925 3071 961 3101; x_wconf 86' lang='lat' dir='ltr'>sor.</span> <span class='ocrx_word' id='word_1_375' title='bbox 980 3060 1055 3098; x_wconf 84' lang='lat' dir='ltr'>Lobeolr</span> 
     </span>
     <span class='ocr_line' id='line_1_39' title="bbox 102 3118 670 3165; baseline 0.002 -9"><span class='ocrx_word' id='word_1_376' title='bbox 102 3120 177 3161; x_wconf 85' lang='lat' dir='ltr'>„mirum</span> <span class='ocrx_word' id='word_1_377' title='bbox 191 3121 210 3159; x_wconf 90' lang='lat' dir='ltr'>in</span> <span class='ocrx_word' id='word_1_378' title='bbox 226 3122 321 3165; x_wconf 82' lang='lat' dir='ltr'>modum“,</span> <span class='ocrx_word' id='word_1_379' title='bbox 337 3118 401 3156; x_wconf 86' lang='lat' dir='ltr'>nescio</span> <span class='ocrx_word' id='word_1_380' title='bbox 416 3121 464 3157; x_wconf 92' lang='lat' dir='ltr'>unde</span> <span class='ocrx_word' id='word_1_381' title='bbox 476 3120 523 3157; x_wconf 90' lang='lat' dir='ltr'>hano</span> <span class='ocrx_word' id='word_1_382' title='bbox 534 3118 564 3155; x_wconf 87' lang='lat' dir='ltr'>in·</span> <span class='ocrx_word' id='word_1_383' title='bbox 588 3118 601 3156; x_wconf 93' lang='lat' dir='ltr'>l.</span> <span class='ocrx_word' id='word_1_384' title='bbox 618 3119 630 3157; x_wconf 88' lang='grc' dir='ltr'>Ι.</span> <span class='ocrx_word' id='word_1_385' title='bbox 650 3119 670 3157; x_wconf 86' lang='lat' dir='ltr'>S.</span> 
     </span>
     <span class='ocr_line' id='line_1_40' title="bbox 99 3176 560 3228; baseline 0.007 -14"><span class='ocrx_word' id='word_1_386' title='bbox 99 3180 247 3226; x_wconf 85' lang='lat' dir='ltr'>terpretationem</span> <span class='ocrx_word' id='word_1_387' title='bbox 263 3177 350 3217; x_wconf 86' lang='lat' dir='ltr'>hauserit.</span> <span class='ocrx_word' id='word_1_388' title='bbox 367 3179 386 3216; x_wconf 85' lang='lat' dir='ltr'>S.</span> <span class='ocrx_word' id='word_1_389' title='bbox 422 3179 504 3228; x_wconf 81' lang='lat' dir='ltr'>Sequens</span> <span class='ocrx_word' id='word_1_390' title='bbox 520 3176 560 3218; x_wconf 76' lang='grc' dir='ltr'>τῶν</span> 
     </span>
     <span class='ocr_line' id='line_1_41' title="bbox 99 3236 234 3280; baseline 0.022 -5"><span class='ocrx_word' id='word_1_391' title='bbox 99 3236 167 3275; x_wconf 88' lang='lat' dir='ltr'>inserui</span> <span class='ocrx_word' id='word_1_392' title='bbox 182 3252 198 3280; x_wconf 81' lang='grc' dir='ltr'>ο,</span> <span class='ocrx_word' id='word_1_393' title='bbox 212 3240 234 3278; x_wconf 87' lang='grc' dir='ltr'>Ο.</span> 
     </span>
    </p>
   </div>
   <div class='ocr_carea' id='block_1_5' title="bbox 0 0 1142 3612">
    <p class='ocr_par' dir='ltr' id='par_1_11' title="bbox 0 0 1142 3612">
     <span class='ocr_line' id='line_1_42' title="bbox 0 0 1142 3612; baseline 0 0"><span class='ocrx_word' id='word_1_394' title='bbox 0 0 1142 3612; x_wconf 95' lang='lat' dir='ltr'> </span> 
     </span>
    </p>
   </div>
  </div>
 </body>
</html>
