2276 3612
534 237 575 282 123
934 234 964 283 ιν,
980 233 1000 271 t.
1017 233 1037 272 ε.

77 361 152 420 με’νων
173 358 283 429 ἔναι’-’ρων
309 358 354 404 τοίν
355 350 420 409 ddo,
439 350 496 401 σλλλοί
519 356 560 402 ναί-
578 354 633 413 μεθ’
653 355 734 414 ἑτέρων
754 349 843 411 οίνιλρών
863 349 892 400 ὥς
907 347 1037 406 wdtttll‘w·

77 431 120 477 ναί
130 426 180 488 ολμα
195 448 223 490 τῳ
216 431 293 477 idere
308 428 338 487 με
353 421 538 484 προσαγορεύσας
549 427 584 471 ναί
597 426 817 485 acceptilatione
836 437 907 470 ουτος
916 423 962 464 εστι
971 416 1037 475 Κλη’

77 514 132 560 μης,
150 502 211 582 περί
225 494 253 548 οὗ
274 496 340 557 ὑμῖν
338 499 386 554 της
405 513 433 540 τε
449 492 565 554 εὐγενείας
580 499 623 542 ναὶ
642 498 685 554 της
699 489 939 554 ’ἐλινινεροπρεπείαςῖ
962 485 1037 535 πολον

77 569 204 629 ἐποιούμην
219 566 325 631 λόγον,
314 587 348 613 οτι
365 562 422 624 οίνὴρ
439 563 497 623 προς
511 567 590 624 γίνονς
609 567 716 625 Τιβερίου
732 560 880 622 Καίσαρος
864 579 896 609 αν
906 561 944 607 καί
954 556 1038 617 παίσης

78 639 193 699 ἑλληνιτης
209 639 356 689 παιδείαςόε
347 640 497 699 ἐξησκημένος
516 635 562 684 ὐπὸ
583 637 702 697 βαρβοίροσ
721 637 795 692 τινος,
814 655 864 695 την
876 633 1054 692 προσηγοριανε

78 705 178 769 Πέτρον,
193 709 221 757 τοὶ
237 704 430 757 τῶνλἸονιλαίιον
445 706 521 755 ποιεῖν
537 711 573 755 καί
589 709 662 766 λέγειν
677 704 800 767 ἡπιίτηται.
829 703 948 760 desederit
965 706 1037 752 σννα-
1088 727 1089 730 ¹

77 782 218 841 γωνίσασθαί
232 798 273 835 μοι
289 775 344 836 πρὸς
359 776 402 836 την
417 777 635 862 ὃιόρθοιαινῗαιλτοοί.
670 779 706 823 ναί
722 775 755 835 ἐφ’
769 776 834 835 ὑμῶν
849 775 922 824 odeat
940 772 1038 822 uuund-

77 869 156 908 νομαι
187 852 265 908 λεγέτω
282 867 335 905 μοι,
351 846 427 908 ἐπειιλη
443 844 500 909 πρὸς
515 867 541 896 το
557 844 1038 907 σοσεβσῖνὲαντόνἀποδεδωκέναινομίζει,

78 919 188 981 πωςοιίχί
204 918 232 965 τοί
248 919 344 976 μέγιστα
360 915 450 979 οἷσεβεῖ,
472 916 622 965 ναοαλιποίν5
642 921 687 977 μεν
701 935 730 963 τα
750 916 851 974 πιίτρια,
860 915 996 972 οίποηλίνας
1013 916 1036 962 δὲ

78 993 110 1041 είς
125 995 168 1047 idn
182 986 299 1047 βάρβαροι.
678 1013 679 1016 ¹
840 1008 841 1011 ¹
1042 997 1062 1032 10

134 1061 183 1104 VIII.
213 1054 301 1141 Κοίγρί6
316 1054 486 1121 ἀπεκρινάμην
502 1076 545 1116 την
560 1060 605 1116 μὲν
620 1075 678 1119 προς
690 1060 731 1115 spos
747 1073 787 1102 ooo
799 1051 911 1115 αναθην
904 1073 1035 1113 προαιρεσιν

78 1126 239 1190 ἀποδέχομαι,
250 1127 296 1187 την
309 1127 362 1175 dd'
349 1129 463 1187 αγνοισίαν
479 1124 625 1186 οίποσείομαι
656 1147 669 1186 η
684 1127 746 1183 post
754 1144 797 1186 γαρ
807 1143 938 1184 προαιρεσις
948 1119 1037 1183 epodo
1078 1122 1080 1128 ’

78 1196 124 1252 ὅτι,
140 1205 164 1246 ἐν
180 1197 213 1253 οἷς
229 1197 318 1250 ιλαιιεῑςθ
332 1202 450 1252 ααλοῑς,’
440 1217 464 1244 εν
478 1196 570 1248 τούτοις
590 1199 650 1244 εἶναί
664 1216 695 1256 με
710 1198 795 1249 θέλεις·
816 1214 830 1254 η
849 1197 874 1243 dd
894 1213 976 1254 ννοισις
996 1193 1036 1241 οὐν

78 1266 152 1326 ὀρθῶς
166 1274 246 1329 ἔχοντα
262 1267 465 1327 φιλίαςπροφιλσει
481 1267 603 1326 ἐνεδρεύειν
613 1267 753 1328 ἀγωνίζεται.
783 1266 842 1315 eald
858 1264 966 1314 Ἀππίων
981 1268 1035 1324 ἔφη·

78 1338 176 1398 dyracio
194 1340 246 1386 σοι9
261 1340 319 1385 εἶναι
335 1339 405 1391 ιλσαεῖ,
423 1335 451 1382 cd
467 1336 613 1396 adepturae
629 1335 775 1397 φυλάττοντα
797 1335 825 1384 τοί
840 1331 957 1396 Ἐλληνοιν
981 1353 1034 1394 ppo*
1042 1349 1062 1383 15

77 1419 139 1462 neir3
153 1407 212 1469 αοῖγοί
228 1405 398 1468 οἷπενρινοίμην·
415 1407 456 1454 τὸν
471 1402 573 1466 εὐσεβεῖν
583 1408 603 1436 ¹⁰
622 1406 809 1466 προαιρούμενον
830 1403 859 1455 od
882 1405 974 1459 ποίντως
994 1424 1037 1463 ηο-

78 1477 169 1527 λοίσσειν
185 1481 218 1526 ιλεῑ
231 1477 259 1525 τοί
276 1477 374 1537 ποίτρια,
392 1475 448 1525 ἄλλοί
473 1477 595 1536 φνλοίσοοιν
610 1482 655 1538 μὲν
668 1475 714 1525 totu
735 1473 750 1537 ᾗ
771 1472 869 1537 εὐσεβῆ,
889 1472 1038 1526 ἀποσείεσθαι

77 1620 114 1664 sed
129 1626 209 1664 etcum
225 1622 268 1665 aliis
284 1621 333 1665 viris
349 1622 432 1676 triginta
447 1622 536 1665 circiter.
573 1620 604 1665 Αο
625 1622 684 1665 siruul
699 1627 762 1677 atque
777 1633 810 1663 me
825 1619 885 1677 vidit,
908 1619 998 1663 salutans
1018 1625 1039 1663 et

79 1692 183 1735 osculatus
198 1692 234 1733 ait:
249 1691 286 1734 Hic
301 1697 333 1735 est
347 1693 449 1748 clemens,
467 1691 497 1735 'de
507 1697 509 1699 ’
519 1705 560 1747 quo
575 1693 660 1735 multum
676 1692 702 1736 ad
722 1705 759 1736 vos
781 1704 900 1740 sermonem
918 1690 990 1747 habui,
1012 1691 1038 1733 de

77 1762 130 1805 illius
145 1763 247 1805 nobilitate
262 1775 287 1805 ac
301 1764 394 1806 moribus
408 1763 537 1816 liberalibus,
553 1763 609 1818 quod
625 1764 656 1805 vir
672 1776 699 1806 ex
713 1775 792 1818 genere
809 1763 884 1805 'liberii
900 1761 1003 1817 Caesaris,
1018 1768 1063 1805 etto

77 1835 98 1876 in
113 1835 167 1877 omni
182 1846 258 1888 graeca
273 1832 378 1887 disciplina
395 1835 531 1889 exercitatus,
547 1846 558 1875 a
573 1833 665 1876 Barbare
682 1833 782 1890 quodam,
795 1834 841 1888 ,qui
856 1838 948 1876 vocatur.
958 1833 1037 1890 Petrus,

78 1904 150 1947 lraude
167 1905 284 1958 compulsus
300 1910 355 1947 esset
366 1904 390 1946 ad
404 1905 537 1960 peragendos
547 1918 571 1947 ac
580 1905 731 1960 praedicandos
745 1905 938 1948 ludaeorumritus.
968 1906 1037 1955 Quare

78 1986 142 2029 rogo,
163 1977 186 2016 ut
200 1987 232 2016 une
247 1975 268 2015 in
287 1973 320 2016 illo
342 1975 467 2029 corrigendo
491 1974 599 2030 adJuvetis.
634 1976 660 2018 Et
679 1987 749 2017 coram
769 1975 829 2018 vobis
853 1988 899 2018 enm
920 1976 1035 2031 interrogo.

77 2044 209 2099 Respondeat
223 2044 281 2098 mihi,
297 2044 462 2098 quandoquidem
477 2046 599 2101 arbitratur,
613 2046 670 2101 quod
687 2059 721 2102 se,
740 2052 763 2089 ut
777 2046 875 2101 pietatem
890 2047 980 2103 coleret,
996 2047 1036 2090 de-

79 2115 163 2171 diderit,
178 2127 219 2169 quo
236 2113 296 2156 ruodo
313 2126 354 2157 uon
369 2115 457 2158 maxime
472 2117 545 2170 impius
564 2118 601 2173 sit,
624 2118 659 2171 qui
679 2117 758 2172 patrios
777 2109 920 2174 dereIIquerit,
943 2118 1062 2164 declina-25

78 2186 131 2228 verit
145 2197 196 2227 vero
213 2185 238 2226 ad
254 2184 355 2229 barbaros
370 2198 445 2229 mores.

134 2255 183 2298 Vlll.
212 2255 237 2298 Et
252 2261 296 2311 ego
308 2257 414 2311 respondi:
429 2257 492 2299 Tuarn
507 2258 590 2312 quidern
605 2258 626 2300 in
641 2272 673 2301 rue
688 2260 958 2313 praeclaram-voluntatem
969 2262 1036 2305 habeo

79 2332 195 2381 acceptam,
210 2332 230 2369 at
244 2327 397 2381 ignorationem
412 2328 505 2370 amolior.
542 2328 635 2383 Scilicet,
654 2330 761 2383 praeclara
784 2330 866 2385 quidern
888 2332 983 2377 voluntas
999 2339 1036 2389 est,

79 2397 135 2450 quod
149 2399 170 2439 in
184 2397 220 2452 iis,
238 2409 292 2451 quae
307 2397 342 2438 tibi
357 2397 412 2439 bona
427 2397 534 2455 videntur,
556 2410 589 2439 rue
604 2400 684 2441 versari
699 2401 766 2453 cupis:
786 2414 859 2444 verum
879 2404 970 2458 cognitio
993 2416 1036 2447 nou

78 2474 136 2511 recte
150 2468 228 2512 hahens
243 2473 352 2523 praetextu
367 2468 466 2511 amicitiae
481 2469 573 2512 insidiari
588 2469 664 2513 nititur.
695 2469 750 2511 Dixit
756 2470 849 2526 Appion:
864 2473 918 2516 Nurn
932 2475 1061 2530 ignoratione

78 2541 114 2583 tibi
129 2541 219 2594 videtur,
235 2539 312 2592 patrios
325 2540 375 2583 ritus
391 2540 494 2583 seruando
510 2541 588 2584 sentire
603 2552 649 2582 curn
666 2539 766 2584 Graecis?
782 2542 808 2585 nt
823 2556 864 2598 ego
875 2545 983 2598 respondi:
998 2545 1036 2594 Qui

78 2612 139 2660 vitam
154 2612 187 2666 pie
203 2622 266 2665 agere
282 2611 359 2667 statuit,
375 2622 417 2653 non
433 2611 516 2654 omuino
533 2611 594 2655 debet
609 2623 694 2654 servare
706 2611 772 2665 patria
788 2612 886 2671 instituta,
902 2615 939 2658 sed
949 2628 1034 2660 servare

110 2811 127 2846 l.
157 2802 228 2857 ἑτέρων
244 2805 265 2843 0.
294 2806 344 2845 Idem
361 2803 409 2847 καθ’
425 2804 504 2859 ἑτέρων,
596 2810 615 2846 5.
644 2809 670 2846 lta
687 2807 731 2848 Oc.
748 2809 769 2847 (ll
784 2811 836 2859 ers,
852 2808 977 2852 nordleudi
986 2812 1033 2862 (sic)

108 2871 127 2906 2.
156 2866 182 2904 Itu
202 2864 284 2912 intellige
304 2864 402 2905 lectionem
423 2866 541 2905 Ottohouiaui
566 2869 585 2906 G.
601 2866 646 2905 Dein
662 2864 711 2917 ἔθνη
727 2868 774 2908 cod.
789 2869 835 2919 Reg.
851 2873 899 2909 804.

79 2920 277 2977 ἑλενθερωπρεπείας
300 2934 340 2962 cum
360 2926 406 2966 God.
428 2927 474 2975 Reg.
492 2927 541 2974 804,
597 2930 616 2966 6.
644 2921 694 2977 ’Eyd
710 2926 732 2966 C.

78 2979 269 3036 ἕλενθεροτροπείας
285 2980 304 3021 G.
578 2987 616 3023 ,7.
645 2980 699 3036 ἡμᾶς
714 2998 733 3035 p.
747 2982 758 3037 r]
773 2982 809 3040 μὲν
826 2988 847 3026 O,

108 3046 127 3082 3.
156 3043 231 3091 Repoue
246 3037 427 3094 πασανὲλληνικην
442 3037 541 3090 παιδείαν,
595 3044 614 3080 8.
645 3044 710 3083 δονεῖν
726 3045 747 3083 0.

79 3102 104 3141 uti
124 3112 197 3150 semper
219 3101 315 3149 loquuntur
343 3099 406 3140 idonei
434 3102 541 3151 scriptores.
596 3105 615 3139 9.
645 3098 746 3154 ἀγνωσίας
761 3104 801 3143 siue
815 3115 847 3142 σοι
862 3104 884 3142 0.

79 3162 125 3200 Vide
140 3160 186 3209 Epit.
202 3171 218 3197 c.
234 3162 268 3198 46.
282 3159 304 3197 D.
440 3168 441 3171 ’
495 3201 497 3203 ,
598 3163 630 3198 to.
647 3157 724 3216 ἀσεβεῖν
740 3163 754 3200 0
770 3163 787 3201 in
803 3166 864 3213 textu,
884 3158 933 3213 ἴσως
948 3161 1034 3224 εὐσεβεῖν

109 3223 128 3260 4.
158 3217 197 3258 τῶν
211 3217 278 3257 inserui
293 3228 309 3255 c¹
325 3216 346 3254 0.
567 3219 589 3256 al.
605 3232 653 3259 man.
667 3220 686 3261 iu
702 3233 758 3270 marg.
