2276 3612
529 244 558 292 ct
900 248 922 297 n,
936 251 1028 289 33-35.

2 402 3 406 ,
62 356 168 420 ἀπάτην,
184 356 212 409 ου’
229 374 308 420 σημεῖα
324 360 401 408 ἰατικά
419 359 476 420 πρὸς
490 363 631 425 ἐπιστροφήν
645 366 683 411 καλ
699 363 817 422 οωτιγρίαν-
859 358 894 407 ded
915 364 951 409 καλ
967 360 1027 421 ὑμεῖς

59 429 108 480 ἀποι
125 435 170 477 τάν
185 437 313 493 γινομένων
327 429 425 488 τεράτων
441 426 495 481 τούς
510 435 637 485 ποιουντας
650 445 711 481 νοεῖν
727 435 769 488 des,
785 433 820 483 τίς
835 431 899 481 τίνος
913 432 976 477 ἐστὶν
991 437 1026 490 ἐρ-

60 500 139 562 γάτης.
169 500 210 549 edo
226 502 329 560 ἀνωφελῆ
345 501 401 557 ποιῇ
416 501 498 558 τέρατα
503 503 605 554 ,κακίας
619 506 681 552 ἐστίν
694 500 821 561 ἀπουργός·
836 497 878 548 ε’ἀν
888 499 912 546 (λέ
923 505 1027 561 ἐπωφελκγ

61 570 163 632 πράττγ,
177 575 220 620 του
236 572 329 631 ἀγαθού
345 575 407 617 ἐστιν
423 567 522 629 ἡγεμών.

115 636 202 688 XXXIV.
220 657 222 660 “
237 642 272 689 Τά
288 640 333 698 μὲν
348 635 392 686 οὖν
408 637 513 698 ἀνωφελῆ
529 646 575 688 ἔστι
586 651 688 700 σημεῖα,
710 639 752 689 ὅσα
768 638 832 689 αὐτοὶ
848 643 944 699 Σίμωνα
961 643 1038 701 τέρμ’-ὕ

57 727 110 760 κατε
127 715 284 772 πεποιηκέναι.
325 712 380 769 λέγω
395 712 419 756 δέ
433 707 459 756 cd
475 708 613 770 ἀνδριάντας
634 713 705 760 αὐτὸν
721 724 795 758 ποιεῖν
816 723 966 770 περιπατεῖν,
988 717 1024 761 καλ

57 784 82 830 τέ
99 780 133 828 ἐπ’
148 780 271 843 ἀνθράκων
287 779 359 828 αάτὸν
375 784 564 840 πεπυρωμένων1
579 785 711 838 κυλίεσθαι,
725 784 761 829 καί
776 779 887 840 ιλράκοντα
902 786 1021 842 γίνεσθαι,

57 857 90 904 εἰς
105 854 158 911 αἶγα
174 852 400 910 μεταμορφωθῆναι,
419 855 451 902 εἰς
467 849 530 910 ’ἀέρα
545 854 643 910 πτῆναι,
667 855 704 900 καλ
724 852 766 899 ὅσα
785 852 880 897 τοιαύτά
900 872 965 909 τινα,
990 859 1023 905 εἰς

58 926 120 969 ἴασιν
135 922 264 981 ἀνθρώπων
279 918 313 979 μὴ
328 919 451 980 γινόμενα,
466 924 640 981 προοαπατάν2
660 921 728 982 φάσιν
746 926 790 981 ἔχει
809 922 916 972 πολλούς.
953 922 981 972 τιί
997 927 1021 971 dt

56 993 96 1048 τῆς
110 993 253 1049 οἰκτίρμονος
276 988 387 1051 ἀληθείας
404 990 486 1051 σημεῖά
507 997 555 1039 ἐστι
571 991 738 1052 φιλάνθρωπα,
765 988 834 1036 ἀτινα
853 987 963 1049 ἠκούσατε
977 991 1046 1046 edalo

56 1059 133 1120 κύριον
149 1058 303 1118 πεποιηκότα,
318 1058 378 1118 κάμέ
392 1058 442 1119 μετ’
457 1065 542 1109 ἐκεῖνον
557 1060 635 1123 εάχαῖς
650 1062 824 1116 κατορθοάντα·
845 1055 894 1106 ὧν5
919 1068 940 1108 οἱ
959 1067 1019 1113 πλεῖ-

57 1149 104 1178 στοι
120 1127 288 1190 παρεοτήκατε,
301 1136 322 1177 οἱ
337 1134 382 1189 μέν
395 1130 469 1178 νόσων
485 1134 602 1179 παντοίων
612 1128 793 1188 ἀπαλλαγέντες,
808 1134 830 1176 οἱ
840 1132 882 1176 ἀλλ’
896 1129 1018 1190 δαιμόνων,

55 1205 76 1247 οἱ
91 1201 114 1245 (λέ
128 1198 272 1258 ὁρθωθέντες
286 1213 367 1262 χεῖρας,
383 1207 405 1249 οἱ
420 1204 443 1250 δέ
458 1201 544 1257 πόιλας,
559 1207 581 1249 οἱ
597 1205 621 1250 ἀὲ
635 1199 690 1253 acrio
705 1199 843 1260 ἀφθαλμοτλς
851 1198 1018 1261 ἀπολαβόντες,

55 1278 75 1320 οἱ
90 1273 112 1317 dl·
127 1270 168 1321 τάς
183 1267 252 1322 ἀκοάς
272 1275 308 1318 καὶ
330 1269 388 1317 ἀλλα
405 1270 455 1319 rico
476 1271 601 1332 ἅνθρωπος
621 1283 697 1320 ποιεῖν
719 1270 830 1325 dionem,
852 1270 1018 1332 φιλανθρώπου

54 1342 189 1399 πνεύματος
204 1340 280 1391 λλιος5
294 1336 427 1399 γενόμενος.
1023 1354 1042 1389 15

108 1411 189 1457 XXXV.
220 1411 297 1457 Ταυτα
316 1411 360 1457 του
377 1412 466 1470 Πέτρον
481 1407 598 1464 εἰπόντος,
618 1406 666 1456 rioci
682 1408 722 1457 τὸν
739 1409 827 1469 ὄρθρον
842 1407 945 1458 ἐπεισιάν
961 1406 1017 1468 ἡμῖν

52 1484 166 1542 Ζακχαῖος
181 1479 370 1541 προσαγορεύσας
383 1478 428 1538 ἔφη
444 1483 532 1541 Πέτρα
558 1479 696 1527 ἀνατίθεται
713 1482 792 1539 Σίμων
812 1476 856 1536 τήν
871 1479 964 1538 ζήτησιν
986 1484 1018 1531 εἰς

52 1554 93 1610 τήν
104 1550 185 1611 αὔριον
199 1549 315 1610 ἦμέρανθ·
333 1548 347 1608 ἦ
362 1548 406 1611 γάρ
421 1552 522 1614 σήμερον
536 1553 561 1600 τέ
576 1551 603 1599 dt’
621 1554 701 1600 ἕνελεκα
716 1549 807 1611 ἡμέραν
822 1548 895 1598 αὐτοῦ
910 1549 1018 1615 τυγχάνει

53 1696 77 1739 ad
92 1699 197 1749 stuporem
211 1704 235 1734 ac
250 1693 408 1751 deceptionem,
431 1706 474 1737 non
497 1699 565 1737 tamen
582 1694 647 1750 ‘signa
662 1693 759 1737 salutaria
774 1693 800 1736 ad
816 1694 976 1738 conversionem
992 1707 1016 1738 ac

50 1766 141 1809 salutem.
178 1764 281 1813 Quocirca
301 1777 339 1807 vos
355 1769 437 1820 oportet
453 1776 480 1806 ex
494 1765 608 1822 miraculis,
632 1777 686 1819 quae
708 1764 766 1820 frunt,
787 1765 879 1807 factores
902 1766 1041 1822 attenderem

50 1838 94 1892 quis
110 1837 217 1892 cujusnam
232 1836 258 1878 sit
272 1837 385 1889 operarius.
422 1836 442 1879 Si
457 1836 535 1878 inutilia
555 1836 653 1879 miracula
673 1835 724 1892 edit,
747 1835 835 1877 malitiae
856 1841 888 1878 est
910 1837 1014 1891 minister,

50 1909 80 1950 sin
95 1919 147 1950 vero
163 1906 231 1960 utilia,
247 1906 296 1948 boni
311 1911 342 1948 est
355 1917 447 1960 praeses¹

106 1975 193 2019 XXXIV.
224 1975 288 2018 Porro
304 1976 380 2018 inutilia
391 1976 488 2018 miracula
503 1982 557 2032 sunt,
573 1988 626 2032 quae
636 1975 724 2019 edidisse
734 1976 838 2019 Simonem
848 1975 933 2033 dixistis,
949 1978 1012 2035 quod,

48 2048 140 2105 inquam,
155 2052 233 2091 statuas
247 2047 308 2089 faciat
323 2047 439 2102 ambulare,
454 2047 510 2101 quod
524 2059 589 2102 supra
604 2047 705 2090 corbones
720 2047 797 2102 ignitos
812 2047 891 2089 volutet
906 2060 939 2103 se,
955 2048 1011 2103 quod

48 2119 110 2162 draco
126 2120 170 2174 siat,
191 2118 211 2159 in
227 2129 309 2172 capram
328 2118 497 2174 transformetur,
520 2119 620 2174 quodque
640 2119 661 2161 in
677 2124 726 2161 aere
742 2119 810 2175 volet,
829 2130 854 2160 oc
875 2119 946 2161 similia
967 2121 1036 2176 allant

48 2201 101 2244 quae
116 2200 162 2231 cum
178 2187 203 2229 ad
218 2186 323 2231 sanandos
337 2187 430 2231 homines
448 2200 490 2230 non
505 2188 564 2244 fiant,
584 2189 609 2230 ad
625 2188 700 2231 multos
715 2189 817 2232 fallendos
833 2195 907 2232 natura
922 2203 1010 2246 compa-

47 2265 90 2302 rata
107 2264 160 2302 sunt.
195 2257 292 2300 Miracula
307 2270 358 2300 vero
373 2259 512 2301 misericordis
531 2260 624 2303 veritatis
640 2259 769 2302 humanitatis
783 2261 843 2314 plena
864 2265 922 2316 sunt,
944 2262 1010 2316 qualia

47 2328 153 2372 Dominum
169 2328 244 2371 iecisse
259 2327 360 2384 audiistis,
376 2341 450 2384 meque
465 2334 512 2382 post
527 2329 582 2371 illum
598 2341 660 2383 prece
680 2329 778 2386 edidisse,
799 2332 874 2386 quihus
893 2332 950 2374 multi
970 2333 1009 2374 ad-

46 2398 121 2456 fuistis,
135 2400 168 2442 alii
183 2400 325 2454 multiplicibus
340 2400 416 2442 morbis
433 2405 467 2441 ant
483 2400 585 2442 doemone
601 2400 693 2456 liberati,
713 2402 746 2443 alii
764 2401 798 2442 vel
813 2403 906 2444 manibus
921 2401 954 2443 vel
969 2415 1009 2456 pe-

47 2471 104 2515 dibus
119 2472 201 2527 firmati,
215 2471 249 2512 alii
264 2472 309 2514 visu
325 2472 359 2514 vel
375 2472 444 2514 auditu
459 2471 539 2513 donati:
560 2476 581 2513 et
596 2484 739 2527 quaecumque
759 2472 798 2514 alio
814 2472 879 2515 cdere
894 2478 963 2527 potest
977 2474 1033 2516 virtu

46 2542 71 2584 ud
86 2543 178 2598 spiritum
193 2543 298 2584 hominum
314 2548 414 2584 amantem
429 2542 540 2596 pertinens.

101 2612 180 2656 XXXV.
211 2612 269 2660 Quae
284 2625 330 2654 cum
346 2613 431 2655 dixisset
445 2612 527 2668 Petrus,
546 2611 584 2654 snb
604 2623 701 2654 auroram
720 2611 746 2654 ad
766 2624 806 2656 nos
826 2613 934 2668 ingressus
953 2614 1006 2657 Zac-

46 2680 121 2727 clmeus
137 2684 228 2726 salutans
243 2684 304 2725 Petro
321 2684 359 2725 ait:
375 2682 441 2724 differi
456 2681 526 2725 Simon
542 2682 699 2736 disputationem
714 2682 736 2723 in
751 2682 805 2725 diem
821 2684 941 2727 crastinum:
959 2698 1005 2727 nam

45 2748 156 2797 hodiernus
171 2754 225 2796 inter
237 2752 333 2796 undecim
349 2754 393 2797 dies
407 2753 471 2808 ipsius
487 2753 596 2797 Sabbatum
612 2757 648 2796 cst.
678 2751 711 2794 Ad
728 2766 790 2809 quem
801 2754 874 2798 Petrus
888 2756 1005 2810 respondit:

73 2883 91 2921 1.
122 2884 169 2924 Oin
180 2888 231 2923 textu
241 2882 408 2936 κεκληρωμένων,
423 2884 440 2923 in
453 2897 510 2935 marg.
565 2886 584 2922 4.
615 2879 636 2921 δέ
652 2895 680 2932 op.
702 2885 809 2935 Gdeesse,
836 2885 881 2923 mulo
902 2884 967 2925 asserit
982 2887 1001 2936 Sp

43 2942 83 2981 ead.
99 2954 145 2981 man.
163 2948 267 2982 correctum
282 2942 301 2980 in
317 2940 470 2999 πεπυρωμένων.
536 2941 603 2981 excidit
618 2945 678 2980 autern
694 2955 717 2981 en
733 2944 799 2982 Clerici
814 2956 884 2982 recens,

71 3004 90 3038 2·
120 2999 172 3055 πρὸς
187 2999 269 3042 ἀπατᾶν
285 3001 304 3039 G.
565 3003 583 3039 5.
599 2994 650 3044 ίδιος
665 3002 774 3052 exciditap.
790 3004 810 3041 Cl
826 3007 843 3039 et
858 3003 877 3040 S.

71 3062 90 3098 3.
121 3054 148 3100 ὧν
163 3073 201 3100 non
217 3061 286 3111 pendet
302 3073 312 3099 a
327 3057 476 3114 παριστήκατι,
491 3066 511 3100 nl
564 3064 582 3099 6.
612 3060 632 3097 ln
647 3061 811 3111 Recognitionilms
826 3060 863 3098 suis
878 3061 953 3101 nunnus
973 3066 1002 3104 vel

44 3125 140 3166 perperam
156 3120 211 3159 uertit
228 3122 251 3170 G,
266 3120 299 3158 sed
315 3118 365 3160 aboi
380 3122 476 3169 πλεῖστοι,
492 3126 511 3161 et
534 3119 586 3158 aliter
605 3118 660 3175 legit,
687 3122 717 3160 vel
738 3133 794 3171 prove
816 3119 945 3168 interpretatus
975 3130 1002 3163 est

43 3176 109 3214 referri
137 3179 192 3218 debet
215 3180 238 3218 ad
261 3175 328 3232 ὑμεῖς,
354 3183 403 3229 quod
428 3182 472 3220 latet
492 3180 510 3218 in
537 3178 632 3227 „Dillerttg
648 3178 713 3229 inquit,
735 3181 808 3224 „Simon
825 3180 928 3219 certaminis
956 3183 1002 3222 dicm

43 3227 147 3283 ἠκούσατε.
164 3238 183 3276 S.
245 3288 247 3295 Ι
534 3237 552 3276 in
568 3237 681 3278 undecimam
697 3240 763 3277 mensis
778 3239 892 3288 proesentis,
916 3249 1003 3290 quaeest

767 3314 800 3355 5
