2276 3612
112 220 157 268 nur,
174 225 193 258 ο.
210 224 229 260 a.
576 219 618 261 282

112 335 238 392 ε’ξεδέμην,
260 335 295 379 καί
318 335 358 391 της
380 332 466 391 μητρὸς
489 330 531 391 την
547 338 569 380 ἐκ
585 337 625 393 της
639 339 682 383 τοι]
699 331 786 390 ὀνείρου
802 334 922 388 κλαοτης1
947 336 1077 392 προφάσεως

113 401 171 460 μετοί
195 407 237 450 τῶν
263 402 364 461 διδύμων
386 401 458 461 αὐτῆς
476 404 561 451 τέκνων
575 407 705 465 γενομένην
719 400 865 461 τίαοδημίανρ
885 408 918 450 tet
939 424 963 450 τε
982 407 1018 451 καί
1033 405 1075 456 τοτ’

113 473 199 532 πατρὸς
218 472 265 531 την
281 475 318 519 tot
342 475 436 532 ζητηοιν
459 472 529 533 αὐτης
555 472 701 534 οἷκοδημίαν·
727 479 806 520 suerro
828 475 865 520 καὶ
886 473 914 525 τίς
936 471 1005 526 αὐτὸς
1028 479 1075 524 Πέ-

113 565 165 604 τρος
180 542 237 600 μεταλ
253 541 279 589 τί
294 543 391 592 duodone
404 548 478 591 ταντα
495 542 605 593 εἰσελθών
621 550 652 598 εἰς
667 544 710 604 την
725 545 798 602 νῆσον
820 546 857 591 καί
875 547 904 605 τῇ
918 547 1006 603 ννναικί
1023 566 1076 594 σνν-

88 628 96 656 ῡ
113 614 184 675 tepeo
199 616 235 661 καί
251 618 424 673 κροσσιτοιλσαν
443 613 496 661 ἰδών
512 617 549 662 καί
570 618 611 662 τοὺ
628 626 757 675 προσαιτεῖν
778 613 820 674 την
838 615 915 661 αἰτίαν
936 617 1077 672 κηδόμενος,

112 691 167 744 ἔγνω
183 684 242 744 [τέ]2
258 684 332 744 αὐτῆς
346 687 425 744 γένος,
447 684 607 746 οίναοτροφην,
629 686 669 733 τὸν
685 682 785 732 αλαστὸν
801 683 901 744 ὄνειρον,
924 688 960 732 καί
977 687 1022 734 των
1036 691 1074 735 τέ-

111 774 169 802 κνων
185 756 212 802 τοί
229 752 343 814 ὀνόματα,
358 760 416 815 έμοκ]
432 778 457 805 τε
468 760 508 805 τοῦ
518 760 713 817 καταλειφθέντος
725 756 786 816 ταροί
800 759 829 815 κη]
839 760 907 817 πατρί
917 760 953 805 καί
964 762 1008 806 των
1016 757 1074 821 αὐτῇ

112 828 320 884 σνμιιορενθέντων
337 824 439 887 διδύμων
455 831 547 884 τέκνων,
564 832 600 876 καὶ
616 828 672 880 οδς5
687 833 711 874 έν
726 829 793 888 βυθῷ
805 827 1074 888 διιονοεῖτοτεθνηκέναι.

167 897 199 941 lll.
234 893 329 942 Τούτων
346 894 390 944 οὖν
406 900 559 956 κεφαλαιωδῶς
574 900 690 960 ῥηθέντων
705 895 752 944 διαί
771 899 868 957 Πέτρον,
889 895 901 944 o‘
915 899 1020 958 Νικήτης
1038 905 1074 949 καί

85 964 122 1014 1οέ
136 965 237 1017 Ἀκύλας
251 969 400 1025 ἐκπλαγέντες
417 971 505 1026 έλενονΙ
524 966 567 1028 cipri
583 988 621 1027 ys,
643 970 743 1021 δέσποτα
765 971 800 1015 καὶ
816 966 877 1028 κδριε
897 971 940 1016 των
956 966 1074 1025 διιέντων,

109 1038 178 1082 τοῦτο
195 1034 281 1095 ἀληθές
301 1035 315 1096 η’
335 1036 441 1096 δνειρέςί
460 1043 535 1094 ἐστιν,·
557 1042 593 1085 καί
614 1035 625 1084 ὁ
645 1040 730 1095 Πέτρος
748 1043 801 1097 ἔφη·
824 1041 843 1083 εἰ
861 1039 896 1096 μη
913 1039 1048 1096 κοιμώμεθα
1058 1041 1074 1096 ⁵,

111 1105 195 1165 ἀληθές
211 1105 326 1168 cappulam.
343 1132 345 1135 v
361 1112 382 1153 οἱ
397 1108 420 1153 δὲ
434 1109 509 1168 βραχέι
522 1109 644 1166 μείναντες
667 1110 704 1154 καὶ
721 1107 821 1155 σιίννοι6
836 1105 956 1166 γενόμενοι
972 1108 1071 1168 ἐ’φαοαν·

109 1178 175 1237 ἡμεῖς
189 1182 259 1235 ἐσμὲν
277 1179 402 1230 Φανοτῑνος
418 1181 453 1224 καί
471 1179 649 1233 Φανοτινιοινὸς,
671 1181 705 1225 κοιλ
722 1177 826 1237 ιλιιαρχης
850 1195 890 1225 σον
911 1180 1073 1239 διαλεγομένοο

109 1247 213 1308 α’λληλοις
228 1251 385 1308 ἐμβλέποντες
401 1249 474 1296 πολλοί
490 1251 540 1308 περὶ
562 1251 648 1296 έαντῶν
663 1248 890 1310 κατεστοχαζόμεδα,
911 1248 944 1308 μη
966 1250 1009 1309 δρα
1031 1250 1073 1314 οὐχ

84 1320 165 1377 temptor
182 1319 295 1380 διαφέρη7
318 1319 344 1365 τοί
368 1320 494 1379 λεγόμενα,
505 1318 656 1379 λογιζόμενοι
672 1318 707 1364 ὅτι
722 1316 796 1365 πολλοὶ
812 1319 929 1377 παρόμοια
947 1320 1033 1378 γίνεται
1047 1327 1072 1368 έν

108 1391 138 1448 τω
152 1391 206 1448 βίην
222 1388 256 1435 διὸ
272 1393 405 1447 ἐσιωτιωμεν
420 1388 561 1447 παλλόμενοι
581 1388 621 1439 odo
642 1390 740 1449 καρδίας.
779 1389 835 1449 ιιρός
855 1392 878 1436 δέ
898 1391 923 1437 τὸ
944 1393 1007 1441 τέλος
1029 1396 1072 1437 τοῦ

109 1461 232 1519 λεγομένων
248 1457 447 1519 cirrostltdrtlcrotosr⁸5
472 1459 506 1506 ὅτι
528 1459 583 1519 ἡμῖν
606 1461 705 1518 διαφέρει
723 1456 750 1504 τοί
767 1457 890 1517 λεγόμενα,
910 1460 961 1507 τότε
976 1458 1072 1512 έαντοδς

109 1604 177 1645 matris
193 1615 237 1645 curn
254 1603 341 1658 geminis
362 1603 403 1645 suis
425 1602 469 1646 filiis
489 1607 598 1657 praetextu
615 1602 663 1644 ficte
684 1602 758 1645 somnii
778 1602 939 1659 prosectionem,
962 1611 1070 1659 praeterea
1136 1599 1138 1602 ”

108 1674 170 1727 patris
187 1674 212 1716 ad
228 1673 369 1728 quaerendam
383 1680 468 1716 matrem
482 1674 528 1728 iter,
543 1673 617 1715 deinde
633 1685 674 1728 quo
690 1673 753 1715 modo
769 1674 813 1727 ipse
828 1673 900 1717 Petrus
912 1674 946 1716 ubi
962 1673 1014 1717 haee
1030 1687 1069 1716 au-

83 1745 102 1776 20
109 1745 188 1801 diisset,
204 1746 290 1787 insulam
305 1746 413 1801 ingressus
428 1745 533 1786 mulierem
546 1745 654 1799 invenerit,
670 1757 731 1799 quam
746 1744 864 1786 mendicare
880 1743 964 1800 videns,
980 1751 1001 1788 et
1016 1759 1068 1788 oau-

106 1828 149 1858 sam
165 1816 320 1858 mendicationis
336 1816 451 1871 postulans,
467 1815 590 1869 cognoverit
604 1815 656 1857 illius
672 1827 750 1870 genus,
773 1814 924 1870 educationem,
946 1816 1014 1859 fictum
1030 1831 1068 1861 se-

107 1888 188 1943 rnuium,
204 1888 317 1929 liberorum
333 1889 427 1942 nornine,
444 1899 511 1929 meum
527 1886 612 1937 scilicet,
627 1887 662 1941 qui
678 1887 762 1930 relictus
777 1886 856 1929 fueram
873 1887 926 1941 apud
940 1893 1032 1944 patrem,
1049 1895 1069 1931 et

107 1958 236 2012 genrinorum
249 1964 352 2014 natorum,
370 1959 405 2013 qui
420 1971 465 1999 cum
481 1970 506 2000 ea
520 1958 560 1999 iter
575 1964 717 2013 susceperant,
733 1958 823 2012 denique
837 1959 974 2011 suspicionem
990 1959 1015 2000 de
1027 1959 1068 2002 ho-

106 2042 151 2071 rum
168 2030 224 2072 olritu
239 2030 260 2070 in
275 2030 333 2072 mari.

81 2101 100 2134 25
164 2099 195 2142 ΙΙΙ.
224 2101 259 2144 His
275 2113 327 2156 erge
344 2100 457 2143 summatim
473 2112 484 2141 a
498 2099 559 2142 Petro
575 2099 645 2141 relatis
660 2097 741 2141 Nicetes
758 2104 778 2140 et
794 2098 867 2153 Aquila
882 2099 989 2153 stupefacti
1007 2100 1068 2142 dixe-

106 2176 162 2212 runt:
178 2171 229 2214 here
245 2185 270 2213 ae
285 2172 368 2214 domine
384 2172 484 2227 omnium,
501 2174 599 2213 verumne
616 2175 647 2211 est
663 2169 715 2224 hoc,
731 2181 757 2210 an
773 2175 804 2212 est
819 2170 936 2212 somnium?
967 2171 1016 2213 Turn
1026 2172 1067 2213 Pe-

106 2245 149 2283 trus
166 2243 201 2283 ait:
216 2243 255 2285 nisi
272 2242 384 2285 dormimus
390 2277 395 2298 ,
409 2254 481 2284 verum
497 2248 533 2285 est.
563 2240 591 2284 At
609 2240 636 2283 illi
652 2241 762 2295 paullulum
782 2241 880 2283 temerati
901 2246 921 2282 et
936 2243 1067 2297 cogitabundi

107 2311 213 2354 dixerunt:
229 2326 268 2356 nes
284 2326 354 2356 sumus
370 2313 476 2357 Faustinus
492 2319 512 2356 et
526 2313 678 2368 Faustinianus,
695 2316 716 2353 et
731 2311 755 2352 ab
771 2311 838 2366 initio,
854 2324 899 2353 eum
912 2325 996 2355 narrare
1013 2326 1066 2355 cee-

106 2383 163 2438 pisti,
180 2383 230 2425 alter
247 2384 333 2425 alterurn
350 2385 491 2439 inspicientes,
506 2384 613 2439 plurimum
629 2384 684 2425 circa
700 2393 739 2424 nes
753 2382 945 2440 considerabamus,
969 2396 1017 2425 num
1041 2383 1065 2424 ad

81 2451 146 2497 ³⁰nos
161 2456 288 2509 pertinerent
303 2468 357 2510 quae
373 2456 503 2511 dicebantur,
519 2461 638 2511 reputantes
654 2454 717 2496 multa
732 2453 803 2496 similia
819 2452 912 2495 accidere
933 2454 954 2495 in
969 2456 1009 2496 vita
1023 2454 1065 2496 ho-

106 2528 191 2579 minunm
207 2527 305 2580 quocirca
320 2527 431 2584 tacuimus,
445 2528 493 2569 lieet
508 2539 545 2568 cer
561 2532 654 2569 nostrum
669 2524 782 2580 palpitaret.
821 2523 887 2566 lntuiti
907 2530 974 2567 autern
989 2526 1010 2567 in
1025 2525 1065 2567 fine

137 2652 154 2686 1,
186 2645 249 2700 λαβῆς
265 2648 312 2694 conj.
328 2649 349 2685 D.
386 2649 408 2685 At
426 2648 482 2686 leetio
498 2648 572 2695 vulgata
627 2648 646 2683 4.
678 2638 756 2694 ὄνειρον
773 2643 793 2680 0.

106 2709 153 2746 nulla
175 2712 219 2754 eget
242 2706 381 2756 emendatione,
409 2706 425 2744 si
449 2719 465 2745 e.
484 2706 498 2744 0
520 2707 572 2756 legas
628 2706 646 2741 5.
676 2703 703 2741 lta
723 2707 741 2739 et
761 2701 819 2750 Epit,
843 2700 958 2754 μαινόμεδα
981 2704 1064 2752 (tinsuni

105 2764 196 2817 κλωστῆς
212 2760 336 2817 προφάσεως
351 2777 385 2814 pro
399 2764 419 2803 ei
433 2765 524 2816 τλασκης
539 2759 573 2803 καί
597 2763 685 2810 sumusr‘)
700 2761 756 2799 Rufin.
772 2762 853 2810 Recegn.
869 2763 906 2812 Vll,
923 2765 956 2802 28.

105 2822 235 2878 κροφιίσεως.
250 2824 262 2862 S
279 2835 342 2861 rerum
354 2825 392 2872 jani
407 2824 458 2862 vidit.
629 2825 647 2859 6.
677 2821 704 2857 lta
720 2820 742 2868 S,
759 2816 837 2865 σέννοες
853 2821 908 2872 CO,
924 2833 976 2870 quam
988 2822 1063 2859 termam

134 2889 153 2923 2.
183 2885 218 2922 Pro
235 2877 279 2933 [κδ]
295 2884 360 2920 lacuna
375 2885 449 2932 parvula
465 2883 482 2920 iu
499 2881 520 2919 0.
545 2879 572 2917 Nil
597 2880 628 2916 ille
644 2877 722 2917 librariis
738 2879 801 2917 deberi
816 2885 876 2930 putat:
902 2892 943 2919 esse
965 2881 1011 2919 enim
1030 2893 1063 2918 ae-

106 2943 151 2982 certi
167 2948 239 2981 constat
255 2943 278 2980 de
288 2941 444 2980 Gedlnrisiensi.
475 2934 570 2977 Tumriun·
597 2937 639 2976 tatis
654 2938 735 2986 infimae,
752 2949 797 2986 quoe
811 2940 855 2978 tob.
872 2941 936 2987 Plrrpn.
953 2942 1018 2988 pren
1029 2941 1063 2977 lru-

105 2998 193 3053 στροφηίν
211 3004 259 3051 corrj.
274 3002 296 3050 C,
314 3002 365 3048 eujus
381 3006 439 3038 textus
449 2994 573 3052 ἀνατροφήν,
595 2999 624 3045 jus
640 2996 678 3034 vitii
695 2997 773 3034 attulerit
789 2999 878 3047 exempla.

105 3067 124 3099 ut
139 3061 160 3100 0.
627 3059 645 3095 ,7,
676 3053 766 3107 διαφέρει
789 3057 802 3095 Ο
823 3063 840 3095 et
861 3058 875 3094 C
897 3057 914 3094 in
938 3056 1063 3107 Gorrigendis,

135 3123 152 3157 3.
184 3114 218 3164 οδς
233 3131 271 3157 var¹
292 3120 334 3157 lect,
357 3130 386 3167 ap.
403 3117 426 3166 C,
448 3113 474 3161 ὡς
495 3122 572 3165 uterque
598 3110 684 3167 διαηέρη
699 3114 717 3152 in
733 3119 787 3154 textu.

106 3179 156 3217 llorn.
174 3180 219 3217 Cod.
236 3179 281 3216 Dein
298 3173 425 3228 τεθνηκότων
445 3188 463 3224 ρ.
482 3172 572 3227 redeund-
627 3176 646 3211 8.
676 3168 797 3228 αἰιοβλέψαν
821 3174 842 3213 O.
881 3175 924 3212 Tum
947 3170 1019 3220 αὐτοὺς
1043 3173 1062 3221 C,

105 3251 138 3275 ναι
154 3237 175 3275 0.
597 3227 671 3276 αὐτοὺς
686 3232 705 3270 S.
866 3237 868 3241 ⁴
