2276 3612
111 225 156 275 vm,
177 228 271 266 roera.
570 221 610 267 teo

108 337 137 385 τοί
152 342 196 385 τοία
212 342 266 388 ἐτεόν
282 342 354 386 τέλεια
370 340 408 384 καί
424 337 501 385 trouu
517 341 554 387 καλ
571 337 651 395 όίνοσα,
665 337 722 400 need
741 337 814 394 πόσης
830 337 868 395 τῆς
884 338 929 384 τῶν
944 337 1014 397 α’έραν
1030 335 1069 384 εὐ-

109 413 204 468 κρασίας
220 410 286 459 αἰλεοίς
302 410 449 467 όειλοιρημένα.

167 483 200 526 ΧΙ.
232 478 260 525 Οἱ
277 480 299 525 db
315 481 363 524 ε’πεὶ
380 477 413 537 μη
429 480 517 538 πρῶτον
533 485 579 529 τείν
603 484 676 528 κακῶν
697 476 879 537 ἐπειράσθησαν,
901 477 957 537 πρός
978 479 1051 540 αὐτην

109 555 154 598 τῶν
170 551 263 609 tynam
279 547 362 606 θαιρεοίν
378 545 523 609 οίναισθητας
539 558 627 613 ἔχοντες
643 549 689 600 α’πό
704 554 742 610 της
757 549 865 608 οίφθόνοο
876 551 961 609 τρσφης
971 554 1006 598 καί
1016 569 1070 610 τρν-

83 633 92 663 o
111 625 152 681 φης
167 626 198 670 εἰς
213 619 345 681 ἀχαριστίαν
361 622 518 678 ἐξετρέποντο,
541 621 569 673 τίς
584 626 678 681 νομίσαι
694 619 777 673 αὐτούς
796 617 851 677 μήθ’
869 621 927 666 εἶναι
949 619 1069 677 πρόνοιαν,

109 693 156 738 ἐπεί
171 687 206 747 μη
227 688 338 747 πρότερον
353 689 466 748 καμόντες
486 695 522 738 tut
539 688 684 751 δικαιοσύνης
699 689 728 744 οἷς
748 688 837 749 μισθόν
861 688 888 736 τοί
906 686 985 749 οίηιαθεί
1007 690 1069 750 εἰλη-

108 779 190 818 φεσαν,
214 760 254 807 tue
274 758 371 818 μηθενός
394 757 467 809 αὐτῶν
488 761 502 822 ἢ
520 764 591 810 πόθει
612 765 658 809 τινὶ
680 762 693 819 ἢ
719 760 774 822 νόσφι
797 757 810 818 ἢ
831 759 887 820 όίλλη
911 764 955 808 τινί
980 760 1068 821 σίνοίγιιη

106 827 275 880 ὑποπεσόντας·
292 836 342 884 ἵνα,
356 830 385 882 oie
401 831 533 891 οίνθριόποις
548 835 613 888 φίλον
629 835 688 878 ἐστὶν
704 831 749 878 tut
768 832 809 890 της
831 833 899 888 κακης
915 832 1069 892 διαμαρτίας2

107 909 255 955 κακωθεῖσαν,
276 906 365 953 ἑαυτοῖς
385 900 426 949 τόν
447 905 529 949 ἰοίσθαι
551 898 680 959 θννοίριενον
700 903 883 960 περιβλέψοινται
905 899 973 948 Θεόν.
1011 899 1068 949 ditat

81 972 148 1033 ιοηείρ
165 968 251 1023 εείθέας
266 968 324 1029 μετοί
342 971 383 1031 την
406 979 429 1020 ἐκ
444 976 484 1032 τῆς
504 971 603 1031 οίφοβίας
625 973 661 1017 καί
683 969 761 1022 adeone
782 973 870 1031 τροφῆς
891 973 1070 1031 καταφρόνησιν,

106 1042 182 1101 ὥσπερ
199 1049 221 1098 ἐξ
236 1040 349 1101 οίρμονίας
364 1042 426 1095 τινός
436 1039 757 1099 οίκολοόθοιςἐφηρμοσριένης,
773 1042 847 1087 δικαία
860 1060 893 1092 τις
908 1040 983 1092 αὐτοῖς
996 1040 1069 1101 νίκην·

107 1134 160 1174 τηοε
176 1116 283 1172 τηααιρία,
299 1112 326 1159 τοί
341 1118 386 1172 μέν
400 1112 460 1172 νοίρό
476 1111 554 1172 αἠαθολ
570 1112 598 1163 τίς
613 1111 739 1170 βλάψαντα
755 1106 895 1166 οίπαθούσα,
919 1111 946 1159 τοί
968 1114 990 1158 dd
1011 1108 1068 1159 κακοί

107 1183 135 1237 είς
150 1182 298 1243 ὠφελήσαντα
315 1180 500 1242 σίντεισφέρονοα.

163 1255 204 1298 XII.
239 1256 289 1299 Toiv
304 1251 347 1312 γοίρ
368 1250 408 1301 τόν
424 1252 523 1312 ον’ρανόν
547 1252 714 1300 ε’νοικοόνοανθ
730 1253 867 1312 πνενριοίταιν
890 1260 911 1301 οἱ
934 1254 975 1313 την
997 1273 1069 1303 κατοι-

80 1323 164 1372 taedeo
180 1322 253 1385 χώραν
269 1326 427 1374 κατοικοῦντες
443 1322 545 1382 σ’ίηηελοι,
568 1323 722 1386 ἀχθεσθέντες
738 1324 775 1369 ἐπὶ
791 1326 819 1383 τῇ
834 1325 878 1371 τῶν
893 1321 1022 1382 οίνθροίποιν
1036 1328 1068 1376 εἰς

106 1393 165 1442 Θεὸν
180 1392 311 1456 α’χαριστίφ,
322 1395 447 1441 ,αἰτοῦνται
464 1396 495 1443 εἰς
510 1391 551 1440 τόν
566 1390 692 1451 οίνθριόπαν
708 1395 785 1439 ἐλθεῖν
799 1395 866 1451 βίον,
887 1393 1009 1447 teodotus
1026 1394 1068 1440 α’ίν-

106 1470 194 1521 θραποι
209 1462 343 1523 γενόμενοι,
369 1466 406 1510 ἐπὶ
423 1467 526 1524 πολιτεία
546 1466 634 1512 πλείονι
656 1462 711 1515 τοείς
732 1469 763 1515 εἰς
779 1461 850 1511 αὐτόν
872 1464 1068 1528 οίηοριστησαντας

105 1538 233 1595 ἐλέγξοντες
249 1534 333 1582 αὐτόθι
348 1539 377 1596 τη
392 1532 439 1582 κατ’
454 1534 629 1588 α’ξίοινιὲκαστον
645 1533 778 1594 deodatum
795 1536 896 1594 τιμωρίη.
934 1531 1003 1583 ὁπότε
1025 1531 1067 1582 οὖν

1062 480 1069 507 1

105 1690 143 1732 ges
159 1678 305 1734 pulcerrinrae,
327 1678 374 1720 anni
396 1677 499 1733 completi,
524 1678 567 1720 sine
588 1677 677 1734 tristitia,
700 1678 744 1720 sine
760 1677 848 1732 morbis,
871 1689 917 1719 cum
934 1678 1066 1722 saluberrirna

79 1749 158 1792 aitarens
173 1752 273 1804 temperie
288 1754 332 1792 tuto
349 1749 424 1792 donati

160 1819 193 1862 XI.
224 1819 302 1876 Atilii,
319 1820 366 1875 quia
381 1818 472 1860 nondum
488 1817 540 1859 rnaIu
556 1819 635 1871 experti
650 1818 738 1874 fuerant,
754 1818 779 1860 ad
794 1819 860 1872 ipsum
875 1820 977 1874 bonorum
988 1821 1065 1863 donum

103 1903 166 1934 sensu
181 1891 281 1948 destituti,
296 1905 334 1947 per
350 1891 441 1932 ciborum
458 1894 478 1931 et
493 1889 610 1931 deliciarum
626 1888 770 1931 abundantiam
786 1890 812 1932 ad
827 1892 901 1945 ingrati
921 1892 981 1933 animi
996 1892 1065 1934 vidum

102 1961 265 2019 declinaverunt,
282 1969 304 2006 ut
319 1964 467 2005 arbitrarentur
481 1973 524 2003 non
540 1963 640 2005 exsistere
656 1962 817 2017 Providentiam,
833 1962 889 2016 quod
904 1963 959 2005 nuIIo
975 1976 1064 2017 praeoe-

102 2033 163 2076 dente
176 2034 268 2090 JustitIae
283 2034 356 2075 labore
372 2035 427 2076 bona
447 2038 468 2075 ut
484 2033 602 2075 mercedem
617 2033 759 2087 recepissent,
781 2038 852 2087 utpote
867 2034 922 2076 nullo
939 2025 970 2076 eu¹
979 2036 1028 2090 Ipsis
1044 2036 1064 2077 in

76 2112 172 2147 rocosum
188 2105 276 2158 aIIquem
292 2104 325 2146 veI
340 2105 434 2146 morbum
458 2109 493 2145 aut
508 2104 568 2144 uIIam
584 2105 728 2146 necessitatem
751 2103 844 2157 delapso:
867 2105 919 2147 adeo
935 2111 967 2161 ut,
987 2118 1064 2160 quem-

102 2175 212 2218 admodum
229 2175 297 2217 solent
311 2165 405 2217 homines
421 2187 432 2216 a
447 2186 511 2227 prava
528 2174 660 2215 aberratione
676 2173 753 2230 aiflictI,
774 2174 852 2230 Deum,
874 2176 908 2228 qui
929 2187 966 2217 eos
982 2182 1064 2230 poterat

102 2262 188 2303 sanare,
204 2248 340 2301 despicerent.
375 2247 451 2289 Verum
467 2246 572 2288 enimvero
588 2246 655 2290 statim
670 2243 717 2300 pust
732 2249 867 2300 contemtum,
890 2258 916 2286 ex
936 2252 1001 2288 metus
1024 2260 1063 2289 va-

102 2320 178 2361 cuitate
194 2323 213 2360 et
228 2330 302 2360 secura
316 2317 420 2372 voluptate
438 2316 598 2371 procedentem,
619 2316 676 2359 velut
696 2316 720 2357 ab
745 2315 852 2357 harmonia
875 2315 961 2368 quadam
983 2330 1061 2360 eonse-

102 2394 190 2444 quenter
203 2377 305 2444 'adaptata
319 2389 375 2443 justa
390 2400 427 2431 eos
442 2388 516 2429 Invasit
530 2388 614 2443 puniti0,
628 2399 685 2441 quae
700 2387 755 2428 bona
771 2385 853 2440 quidem
869 2392 891 2428 ut
903 2388 964 2429 noxio
980 2390 1062 2446 expulit,

76 2461 153 2503 aomala
170 2472 220 2502 vero
236 2465 258 2500 ut
273 2459 366 2514 adjutura
383 2464 453 2511 contra
469 2458 553 2499 induxit.

159 2529 201 2572 XII.
230 2528 280 2571 Nem
296 2543 322 2572 ex
342 2530 393 2572 caeli
408 2530 480 2572 incolis
505 2529 608 2583 spiritibus
627 2528 651 2584 ti,
679 2528 713 2581 qui
732 2525 820 2567 infimam
842 2529 949 2584 regionem
972 2530 1063 2573 habitant

100 2600 186 2657 Angeli,
203 2599 276 2642 offensi
290 2601 371 2655 ingrato
387 2601 492 2644 homiuum
510 2613 561 2656 erga
576 2600 643 2642 Deum
659 2599 726 2641 animo
743 2599 855 2656 postulant,
878 2603 898 2643 In
916 2603 977 2645 vitam
991 2605 1060 2647 bomi-

100 2685 149 2714 num
163 2673 237 2714 uemre
252 2671 321 2722 liceat,
337 2677 358 2713 ut
373 2685 424 2714 vere
439 2672 531 2715 hommes
546 2670 604 2727 facti,
628 2683 665 2725 per
683 2669 766 2711 multam
788 2674 966 2717 conversatIonem
984 2676 1060 2717 redar-

100 2745 155 2798 gutiS
171 2742 205 2797 qui
221 2742 241 2783 iu
262 2741 327 2783 Deum
343 2743 417 2798 Ingrati
432 2743 525 2798 fuerant,
549 2741 657 2784 confestim
677 2751 844 2804 unumquemque
860 2745 934 2786 merito
954 2744 1061 2788 afficerent

130 2877 147 2913 1.
178 2869 212 2924 τόν
229 2873 247 2910 G.
593 2874 672 2912 bendum
691 2870 756 2918 ἀδεῶς
778 2870 811 2913 τόν
827 2877 960 2926 τιμωρεῖσθαι
979 2873 1061 2930 δυναμε-

130 2938 148 2972 2.
180 2929 203 2972 δι’
220 2927 323 2982 ἁμαρτίας
341 2931 362 2969 O.
378 2932 401 2970 S:
424 2933 483 2971 Locus
506 2932 568 2972 multi-
592 2947 626 2972 νον
641 2929 814 2985 παραβλέφανται
830 2930 885 2973 θεόν,

101 2993 162 3030 ioniam
179 2997 282 3041 corruptus.
320 2990 395 3028 Datirus
412 2989 490 3037 ἑαυτοῖς
506 2993 567 3032 otien-
623 2995 641 3031 3.
671 2987 709 3044 ηολρ
726 3002 760 3029 om.
777 2993 802 3042 0,
819 2994 842 3031 nd
857 2994 952 3039 ouj.oram
966 3001 1058 3035 monetur:

102 3051 127 3088 dit
143 3057 208 3089 eontra
223 3052 276 3099 leges
292 3050 368 3099 lInguae
385 3061 476 3100 graecae,
492 3052 567 3100 etquid
592 3047 703 3090 νοθεόεται.

102 3106 173 3149 ιἰίοθαι
193 3109 227 3148 sibi
242 3110 295 3159 velit,
318 3107 392 3147 difficile
415 3114 442 3147 est
462 3111 565 3158 ibteIIeotu3
622 3113 641 3147 4.
671 3103 800 3151 ε’κοικοόντοιν
822 3110 848 3148 ct.
868 3111 934 3157 (1698
951 3116 969 3150 et
987 3115 1059 3162 ttae),

103 3168 180 3215 denique
195 3166 352 3222 περιβλέπεσθαι
363 3180 399 3206 non
410 3168 457 3206 idem
468 3169 567 3218 signifieat,
594 3165 726 3209 ἐποικούντων
742 3170 760 3208 S.

103 3228 153 3277 qrrod
163 3229 289 3277 „despiceress
314 3227 460 3276 Coujectnrerim
468 3240 508 3267 esse
520 3228 567 3276 sori7
