2276 3612
105 207 128 258 v,
144 208 206 249 eae.
572 205 613 251 lac
635 183 637 188 ’

107 322 144 368 καὶ
160 315 202 368 κού
218 320 351 370 κατανεύειν
360 321 376 373 ¹,
395 319 447 377 περὶ
470 313 601 377 ariddelon
623 321 799 375 ἐνδείκνυσθαι,
817 332 924 383 παρεῖχον
939 318 984 381 νην
1007 319 1068 368 dne'-

106 409 186 438 νσιαν·
209 390 221 439 ὁ
239 394 262 440 di
277 390 346 450 &pest
361 409 390 447 με
404 386 512 450 ννυαιιιύς
527 388 618 450 σῖληθύς
633 386 785 443 ἀναπεισθεὶς
802 396 855 449 ἔφη·
879 386 947 438 oridia·
962 397 1024 440 ε’σκιν
1043 397 1068 438 ἐν

106 464 137 522 cpi
153 464 208 522 βίῳ,
223 461 335 522 βοηθείας
350 472 424 522 κυχεῑν
438 459 472 520 μη
488 459 626 519 δυνάμενον.
658 465 699 510 ’καλ
715 461 758 523 peip
780 458 850 513 αύσύς
866 458 904 508 ὅτε
919 462 970 514 eice
984 460 1068 522 ἥμηνῧ,

107 535 211 591 ἐρασθεὶς
224 529 331 591 νυναιαός
345 529 523 591 ολξιολονωνοὶκης
538 530 567 579 ου’
588 532 662 591 μόνον
683 531 773 592 αὐτῆς4
791 542 865 593 τυχεῖν
885 530 994 592 η’γούμην
1014 531 1068 579 ddi-

84 614 180 651 taceae
196 603 267 656 εἶναι,
282 598 330 649 ἀλλ’
346 600 398 648 odda
413 604 595 662 προσαγορεύοοί
610 620 666 648 ποτε
681 601 788 661 ἤλπιζον·
812 603 848 649 καὶ
866 602 928 660 ὅμως
944 601 1067 664 περιτυχών

109 693 153 721 κινι
167 673 300 731 Αἰνυπκιιμ,
315 670 379 719 πύνυ
394 669 421 719 κύ
437 672 519 732 μύησιν
535 672 676 731 ἀκριβοῦντα,
693 675 730 756 epe
738 673 959 732 ηιλυθειςέαηαινω
971 690 1017 731 μου
1027 670 1068 721 ada

108 749 191 800 e'parcc,
207 760 244 787 και
260 738 289 788 ον’
304 742 380 800 μόνον
395 742 478 790 ἑαυτὸν
498 760 539 801 μοι
560 751 652 803 παρεῖχε
673 739 729 828 πούς
749 760 797 789 παν
816 744 827 788 ὸ
822 740 988 801 ἐβουλόμην,
1011 739 1067 793 latet

108 813 269 871 δαψιλέστερον
284 810 341 870 πρός
360 832 391 871 με
411 812 604 872 φιλοτιμούμενος
624 814 662 859 καὶ
682 832 724 873 νην
745 812 867 871 ἐπαοιιλην,
886 805 946 857 δι’
932 830 958 870 ης
981 818 1068 875 ἔνοχον,

107 879 263 930 dideeeeie’
235 902 276 929 ουκ
290 882 429 944 ἐφθόνησεν.
459 888 481 930 ἐκ
497 884 520 929 de
535 900 575 945 aps
584 884 671 930 ἐκείνου
681 885 796 942 inculpatae
801 883 946 937 υποθοιξοως,
961 885 1068 935 πεισθεὶς

83 956 135 1014 ianm
151 955 193 999 κού
209 954 272 1000 dida
262 972 342 1008 bactaeae
358 952 472 1043 ύςηθοηιηι,
487 971 524 1004 και
540 950 602 1007 ἅπαξ
617 952 739 1014 ἐπικυχύν,
756 950 894 1010 ἐπαυσάμην
909 954 951 998 κού
966 957 1053 1011 ε”ρωκσς

163 1026 196 1070 lv.
221 1022 335 1072 ''ane’
315 1043 334 1070 ει
350 1027 386 1071 καὶ
403 1022 431 1072 σύ
449 1019 557 1069 σοιούκύν
579 1040 601 1068 κι
622 1024 746 1073 πέπονθας
763 1019 927 1080 ανθροιπίνως,
948 1020 1068 1092 θαρσηοον

107 1095 162 1155 η’μῑν
178 1097 235 1181 πηὸς
250 1094 275 1141 κύ
291 1090 305 1140 d
306 1096 430 1178 μεριμνοη·
451 1090 513 1144 ενκύς
525 1110 568 1152 γαρ
584 1093 673 1151 ημεριύυ
688 1090 747 1139 ε’πκα
763 1093 854 1144 πύνσσις
870 1090 940 1153 συνῆς
955 1100 1068 1155 ἐπιτυχεῖν

108 1186 132 1214 σε
149 1168 242 1226 ποιήσω
272 1183 348 1212 coccea
364 1160 463 1215 ακούσας
478 1162 530 1223 ἐγώ,
544 1167 576 1214 εις
592 1161 632 1210 ede
648 1162 724 1222 εμύν5
741 1161 827 1211 σκοπύν
842 1164 1011 1223 οἷποβλεπσιν”
997 1177 1066 1224 eppa*

108 1236 222 1295 σύγγνωθί
237 1253 278 1292 μοι
293 1235 327 1293 μή
343 1226 406 1281 πύνυ
422 1229 556 1281 πιστεύουσι
571 1235 670 1292 μαγείαν
679 1232 818 1291 despectam·
834 1235 924 1282 πολλῶν
937 1231 1066 1293 νσλρπολλυλ

83 1306 309 1365 λούπανγελλομύνων
324 1306 359 1351 καλ
377 1305 565 1363 ιλιαψευσαμένυν
580 1302 624 1363 ν’]ἰλη
639 1307 788 1363 πεπείραμαι.
823 1301 884 1361 πλην
909 1304 1020 1352 δυσωπεῖ6
1037 1324 1068 1362 με

108 1378 142 1422 καλ
159 1380 190 1428 εἰς
206 1375 300 1425 ἐλπίδας
315 1372 365 1434 ’ύγει
381 1373 395 1434 ἡ
412 1372 438 1432 σή
453 1371 584 1435 ὑπόσχεσις.
618 1374 707 1421 θὲθοικα
723 1375 746 1421 di
761 1372 950 1433 ἐνθυμούμενος,
968 1372 1002 1434 μὴ
1024 1376 1066 1435 dpe

108 1447 129 1490 οἱ
143 1444 250 1501 δαίμονες
265 1453 312 1493 κοῖς
327 1440 411 1502 μύιγοις
427 1443 499 1489 ἐνίοτε
515 1441 571 1500 πρὸς
584 1443 612 1489 πολ
629 1442 765 1502 κελευόμενοι
781 1440 822 1504 σύχ
839 1440 980 1491 ὑπείκουσιν.

166 1515 190 1560 V.
220 1511 294 1560 Keid
315 1509 422 1560 Ἀππίων
442 1518 494 1572 ἔφη·
518 1514 661 1571 καύσαέμοί
683 1529 723 1559 σου
738 1513 956 1575 μύλλονουγχιύρει
977 1516 1068 1563 εἰδέναι.

110 1654 267 1710 contemplando
282 1655 421 1710 suspicionem
440 1655 487 1698 dedi
502 1657 548 1712 ejus
563 1656 620 1711 quod
641 1655 727 1698 indicari
742 1656 843 1699 volebam.
881 1654 908 1698 At
927 1656 961 1698 ille
977 1668 1067 1700 revera

84 1735 142 1769 acme
159 1726 264 1768 mulierem
279 1726 375 1780 deperire
390 1738 503 1781 persuasus
519 1726 577 1769 dixit:
598 1725 652 1767 Nihil
666 1727 687 1767 in
702 1726 744 1769 vita
759 1731 799 1782 est,
818 1727 851 1768 cui
867 1739 909 1769 non
925 1727 991 1783 possit
1006 1727 1066 1769 adhi-

108 1797 153 1839 beri
167 1795 286 1838 remedium.
322 1797 369 1851 lpse
391 1797 445 1839 enim
461 1810 512 1852 ego,
532 1795 598 1838 adhuc
610 1796 705 1853 iuvenis,
726 1808 772 1838 curn
793 1797 814 1838 in
834 1808 927 1838 amorem
949 1798 1066 1841 incidissem

108 1867 272 1923 elegantissimae
287 1866 386 1923 mulieris,
401 1879 444 1909 non
459 1866 521 1910 modo
537 1866 663 1921 impossibile
675 1866 793 1923 Judicabam
807 1866 840 1908 illa
855 1866 901 1923 frui,
916 1880 988 1910 verum
997 1881 1066 1925 neque

107 1939 196 1982 salutare
211 1950 308 1993 uinquam
323 1938 442 1993 sperabam:
465 1943 485 1980 et
506 1943 575 1980 tamen
589 1942 662 1979 nactus
683 1938 771 1991 aliquem
786 1935 920 1993 Aegyptium,
941 1940 1025 1994 magicis
1045 1941 1066 1981 in

108 2012 185 2054 artibus
200 2010 357 2065 peritissimum,
375 2014 395 2051 et
411 2012 518 2051 contracta
533 2020 579 2050 cum
595 2019 621 2049 eo
637 2007 733 2064 amicitia,
750 2020 841 2049 amorem
850 2020 917 2050 meum
933 2008 1025 2052 declaro:
1041 2023 1066 2052 ac

82 2090 150 2124 aenon
167 2080 234 2124 solum
248 2079 281 2121 ille
297 2091 320 2122 se
335 2079 383 2121 mihi
398 2079 424 2121 ad
439 2080 506 2133 cupita
522 2079 590 2120 omnia
605 2078 696 2132 tradidit,
709 2079 745 2122 sed
756 2079 871 2134 largissime
883 2079 931 2122 mihi
941 2082 1065 2138 gratificans,

108 2153 169 2196 etiam
186 2149 281 2192 carminis
295 2161 334 2204 per
350 2149 405 2204 quod
421 2149 498 2203 potitus
513 2149 542 2191 lui
557 2149 663 2192 scientiam
679 2160 721 2191 non
736 2148 816 2191 invidit:
832 2155 893 2205 atque
903 2163 941 2205 per
955 2151 1007 2196 illius
1022 2153 1064 2196 ho-

107 2222 167 2265 minis
183 2220 284 2265 occultam
301 2219 501 2275 demonstrationem,
516 2230 628 2274 persuasus
645 2220 736 2275 magistri
752 2220 894 2276 munificentia,
911 2226 931 2263 et
945 2223 1009 2265 semel
1023 2236 1064 2278 po-

108 2294 166 2350 titus,
183 2305 252 2335 amare
269 2291 355 2335 cessavi.

164 2363 196 2406 iv.
224 2362 283 2405 Unde
298 2362 316 2405 si
330 2367 351 2404 et
366 2367 387 2405 tu
401 2362 441 2405 tale
457 2361 505 2417 quid
520 2361 625 2404 hominum
641 2374 700 2405 more
715 2361 800 2417 pateris,
815 2361 862 2403 mihi
879 2363 967 2407 confisus
983 2364 1064 2419 depone

83 2444 177 2478 acclinas.
204 2434 259 2475 Intra
275 2433 328 2475 enirn
343 2439 422 2488 septem
438 2434 482 2478 dies
499 2435 581 2477 omnino
598 2439 618 2476 te
635 2434 724 2476 mulieris
738 2433 812 2475 faciam
823 2439 944 2488 compotem.
975 2435 1010 2479 llis
1023 2450 1063 2492 ego

108 2506 191 2562 auditis,
206 2517 273 2546 mcum
288 2505 401 2559 respiciens
417 2505 441 2546 ad
457 2517 554 2561 scopum,
577 2505 619 2546 aio:
639 2505 727 2560 ignosce
747 2503 795 2545 mihi
810 2517 851 2547 non
874 2506 955 2559 penitus
971 2507 1064 2550 credenti

109 2578 197 2634 magiam
213 2581 304 2618 exstare:
319 2577 394 2620 multos
410 2578 484 2632 quippe
496 2578 539 2633 Jam
555 2582 652 2631 expertus
667 2589 719 2632 sum,
734 2576 796 2617 multa
811 2576 912 2630 pollicitos
927 2589 952 2618 ac
962 2579 1062 2622 mentitos.

108 2649 203 2691 Attamen
218 2652 289 2689 movet
303 2660 336 2689 me
351 2661 375 2690 ac
394 2648 415 2689 in
439 2660 496 2702 spem
517 2647 599 2690 adducit
618 2648 727 2701 promissio
743 2651 784 2689 tua.
819 2646 899 2690 Vereor
915 2653 991 2704 autem,
1015 2649 1062 2691 dnm

108 2720 189 2775 cogito,
205 2717 261 2761 forte
277 2716 387 2761 daemones
401 2718 504 2761 interdum
519 2718 585 2773 magis
600 2718 625 2759 ad
640 2717 735 2760 mandata
751 2729 793 2759 non
809 2718 898 2761 obedire.

83 2797 103 2831 aa
165 2791 189 2833 V.
219 2786 332 2842 Respondit
345 2787 434 2843 Appion:
450 2789 497 2831 mihi
512 2787 615 2844 concede,
635 2793 658 2831 ut
674 2788 726 2830 haec
746 2787 791 2840 plus
810 2802 870 2844 quam
892 2796 914 2833 tu
930 2801 1061 2844 cognoscam.

140 2954 158 2989 1.
189 2945 243 2990 κύκα
259 2944 322 2989 νεύειν
338 2948 357 2986 0.
630 2953 649 2989 3.
679 2949 727 2988 ltaO
742 2948 831 3001 inmarg,
847 2946 891 3003 ἧμιν
906 2949 924 2987 in
939 2955 994 2989 textu.
1012 2952 1062 2991 ldcm

140 3015 159 3048 2.
188 3011 214 3049 lta
230 3009 244 3047 0
260 3013 318 3048 etex
338 3007 455 3059 conjecto,
477 3009 506 3060 qui
525 3006 575 3061 ἐρῶν
601 3003 770 3060 σἰξιολοηύκοικος.

112 3069 199 3108 interdu.
229 3069 276 3107 Vbb.
294 3066 353 3112 „Nihil
369 3067 388 3105 in
402 3067 438 3107 vita
453 3076 518 3108 est—
534 3081 574 3107 um·
629 3070 647 3106 4.
677 3062 739 3118 αὐτὴν
754 3069 766 3106 S
781 3068 835 3107 invita
851 3068 974 3116 grammatica.

114 3139 164 3175 quam
179 3134 223 3176 spot
241 3128 323 3176 (raham)
347 3125 473 3166 Gotelerianae
493 3127 574 3168 versioni
629 3130 646 3165 5.
677 3124 725 3176 ἐμοῦ
741 3127 759 3164 G.

112 3185 194 3241 reddidi,
210 3199 249 3227 cum
265 3186 377 3230 excidissent
394 3199 422 3242 ap.
439 3188 457 3229 S,
629 3190 646 3228 6.
675 3187 701 3228 lta
717 3185 731 3222 0
747 3198 762 3224 c.
778 3186 802 3237 S,
817 3185 918 3225 δσυσωιιεῐ
931 3186 951 3229 (l,
