2276 3612
561 215 576 262 8

69 330 197 391 ,ἐοιοτὸσω
212 350 259 390 μου
274 335 305 393 τῷ
319 332 362 390 τήν
378 328 452 390 αύτήν
466 336 541 394 ἔχοντι
558 334 637 381 τιίοτιν
653 332 690 380 καὶ
706 327 752 379 dot
773 332 818 378 τάν
834 330 911 379 αύτων
927 326 1049 391 ὁρμωμένῳ

84 402 343 459 τιαρακαταθήσομαιδι
384 406 404 448 εἰ
419 398 450 448 δὲ
476 405 513 448 καὶ
538 395 603 465 τύχοι
628 397 660 456 μα
678 402 792 462 νοοήοαι2
823 405 859 449 καί
880 400 921 450 τάν
943 400 1051 448 θάνατον

84 468 240 526 ύτιοτιτιύσαι,
257 474 296 519 ἐάν
312 473 405 523 άτοιινος
420 469 447 527 ὦ,
464 471 547 528 ὁμοίως
563 472 656 532 τιοιήοω.
693 470 742 519 άλλ’
764 478 784 520 εἰ
800 476 835 519 καὶ
856 477 950 521 τελευτά
970 475 1051 519 τέκνον

83 541 138 600 ἔχων
155 537 196 586 συίι
212 543 276 597 άξιον
290 540 304 599 ή
319 544 413 600 μηδὲιιω
431 537 677 602 δυνάμενον,’ὁ,ιιοι’ως
696 540 788 601 ποιήσοι.
823 546 853 603 τῷ
873 544 916 603 γάρ
936 544 1050 601 ἑαισκύτιω

64 625 131 666 opaco
147 612 383 670 παραταταδήοομαι,
399 620 437 660 ἵνα
452 618 471 660 εἰ
486 618 532 672 μὲν
546 613 609 676 τύχοι
625 612 657 669 ἐφ’
673 612 760 673 ήλικίας
775 612 899 671 γενόμενος
915 612 977 667 άξιος
993 616 1050 659 εἶναι

85 684 126 738 της
142 685 248 735 τιίοιεως,
270 681 299 734 οἷς
315 686 422 744 πατρῴαν
439 684 636 744 παρακαταθήκην
651 688 681 746 νηί
696 686 766 744 τέκνω
782 681 915 743 οἶστοδύσηό,
937 682 995 732 κατά
1011 682 1051 730 τὸν

86 755 128 810 της
144 754 326 810 διαμαρτυρίαςδ
342 752 418 813 λύγον.

143 824 174 866 IV.
201 820 257 868 ’Ότι
274 825 296 869 δὲ
313 823 382 875 οὕτως
398 822 497 883 ιιοιήοω,
513 820 583 870 πάλιν
599 822 624 870 τά
645 822 752 879 δεύτερον
772 818 959 880 διαμαρτύρομαι
981 822 1051 880 ούρα-

87 890 140 945 νόν,
160 894 215 950 γήν,
234 891 305 951 ὕδωρ,
329 900 353 939 ἐν
375 894 408 944 οἷς
426 894 453 940 τά
476 893 553 941 πάντα
574 895 715 955 περιέχεται,
734 889 911 950 ιιρύςδτούτοις
927 891 999 937 άιιασι
1014 894 1051 938 καὶ

62 959 126 1007 tundo
142 961 179 1007 διά
198 958 293 1008 πάντων
316 963 422 1022 διήκοντα
446 962 513 1022 α’ὲρα,
531 959 559 1009 οδ
575 961 631 1011 άνιυ
647 963 687 1009 σύν
707 958 827 1016 άνατινέω,
848 960 877 1014 οἷς
895 958 929 1008 dat
950 961 1051 1021 ύιιήκσος

86 1037 167 1089 ἔσομαι
183 1034 213 1092 τῷ
227 1033 268 1082 τάς
281 1035 378 1091 βίβλους
393 1034 452 1091 μοι6
472 1036 515 1079 των
538 1033 688 1092 κηρυγμάτων
707 1032 805 1086 διδόντι,
826 1035 862 1079 καί
885 1032 974 1090 φυλάξω
994 1028 1051 1078 κατά

86 1099 164 1146 στάντα
181 1099 230 1152 οίς7
245 1100 445 1161 διεμαρτυράμην,
466 1101 479 1161 ή
499 1105 537 1149 καί
557 1121 579 1148 τι
599 1105 685 1147 πλεῖον.
724 1102 861 1157 φυλάσσοντι
883 1099 927 1150 οὖν
952 1114 992 1160 μοι
1012 1100 1053 1152 τάς

85 1170 205 1228 συνθήκας
220 1173 290 1227 μέρος
309 1171 372 1218 ἔσται
392 1171 450 1231 μετά
471 1178 515 1220 των
533 1173 609 1230 άοίων,
632 1173 756 1227 ποιήσαντι
773 1171 895 1231 δὲπαρά
912 1174 1052 1231 συνεθέμην,

85 1238 166 1299 ἐχθράν
182 1244 216 1299 εἴη
231 1260 272 1298 μοι
288 1240 313 1288 τύ
331 1246 380 1289 τάν
395 1247 431 1290 καὶ
452 1242 463 1291 ά
484 1241 519 1290 διά
540 1244 635 1291 πάντων
656 1242 736 1300 διήκων
760 1241 832 1302 αἰθήρ
852 1246 888 1290 καὶ
902 1242 927 1289 ’δ
947 1243 1007 1301 drudo
1022 1240 1051 1290 τά

61 1308 126 1355 tudio
144 1308 212 1363 Θεὸς,
225 1305 252 1355 οὗ
268 1313 387 1368 κρείττων,
401 1308 430 1361 οὗ
445 1317 527 1372 μείζων
546 1312 646 1363 adnatat
682 1310 729 1360 ntt'
750 1317 770 1359 οἰ
790 1316 826 1359 καὶ
846 1317 878 1365 εἰς
898 1316 976 1372 ἑτέρου
992 1315 1052 1359 Θεοῦ

85 1381 209 1425 ἐτίνοιαν9
224 1383 338 1438 γένωμαι,
354 1379 457 1442 κάτοινον
473 1387 517 1430 νυν
533 1383 621 1440 ὄμνυμι
637 1381 723 1434 τίςόύιι
740 1382 811 1433 άλλως
823 1381 915 1441 ωοιήοω,
930 1382 970 1429 εἴτ’
982 1389 1051 1435 ἔστιν,

87 1446 125 1493 εἴτ’
142 1445 182 1494 oda
198 1451 270 1496 tomo·
287 1446 344 1508 πρὸς
360 1449 450 1504 τούτοις
468 1453 513 1499 δ’10
530 1452 617 1499 duaco
638 1457 658 1499 εἰ
676 1453 791 1511 ψεύσομαι
797 1488 804 1507 ,
823 1451 947 1511 κατάθεμα
970 1451 1051 1510 ἐὀομαι

87 1603 233 1658 circumferre,
252 1604 274 1645 iu
297 1603 358 1646 domo
374 1617 421 1646 mea
437 1617 483 1648 csse
503 1618 544 1656 nou
560 1606 684 1660 permittam,
707 1605 744 1647 sed
763 1605 866 1660 Episcopo
889 1618 936 1648 meo
959 1603 1052 1646 eamdem

87 1674 148 1716 fidem
163 1674 268 1728 profitenti
283 1680 304 1716 et
319 1676 344 1716 ab
359 1675 433 1719 iisdem
448 1675 587 1730 proficiscenti
603 1676 759 1719 commendabo.
789 1676 811 1719 Si
824 1688 876 1718 uero
893 1677 1003 1730 contigerit
1018 1688 1051 1717 me

62 1750 200 1799 coaegrotare
216 1756 240 1784 ao
254 1750 342 1786 mortem
357 1746 436 1800 vereri,
452 1745 470 1788 si
486 1746 565 1800 absque
580 1746 650 1789 liberis
665 1745 737 1802 ίαοιο,
758 1747 849 1789 similiter
872 1759 938 1801 agam.
975 1746 1052 1789 Sedet

89 1816 206 1869 siluerim,
222 1815 284 1856 fitium
299 1814 377 1856 habens
393 1815 499 1870 indiguum
515 1822 550 1858 aut
565 1816 657 1858 nondum
673 1830 782 1873 capacem,
797 1817 874 1871 pariter
888 1816 968 1874 faciam.
1004 1816 1050 1858 Sci-

87 1889 135 1929 tioet
151 1887 275 1930 committam
291 1898 338 1928 meo
355 1886 466 1943 Episcopo,
481 1893 504 1929 ut
519 1888 536 1929 si
551 1899 604 1940 puer
620 1887 700 1929 aduitus
716 1887 756 1929 fide
771 1888 846 1942 dignus
862 1887 929 1943 fuerit,
945 1887 979 1929 ille
995 1892 1049 1928 tam-

89 1970 149 2011 quam
164 1962 273 2011 patornum
289 1957 405 2011 depositum
421 1958 462 2001 sdic
479 1958 563 2013 reddat,
575 1957 639 2013 juxta
653 1958 736 1999 modum
752 1958 916 2001 contestationis.

145 2028 177 2070 lV.
208 2027 269 2075 Quod
285 2033 352 2070 autem
369 2030 396 2070 ita
411 2029 504 2072 facturus
520 2030 653 2083 sunitarum
669 2029 762 2071 seeundo
778 2034 885 2072 contestor
900 2029 988 2084 coelum,
1003 2034 1049 2070 ter-

62 2113 140 2156 atrum,
158 2112 243 2155 aqtrarrr,
260 2113 314 2154 quae
330 2102 398 2142 omma
414 2101 589 2155 complectuntur,
609 2101 735 2154 insuperque
750 2099 782 2141 bis
798 2100 892 2141 omuibus
908 2104 982 2141 cuneta
997 2111 1050 2153 per-

88 2176 198 2225 vagantem
215 2175 296 2226 aerem,
319 2173 364 2213 sine
386 2184 427 2225 quc
441 2183 485 2212 uon
505 2172 571 2226 spiro,
593 2170 648 2225 quod
672 2175 773 2223 perpetuo
797 2168 944 2222 obtemperabo
966 2169 995 2223 et,
1016 2169 1051 2223 qui

87 2242 150 2284 iiluos
165 2241 214 2282 mihi
229 2242 406 2295 praedicationum
421 2242 503 2297 tribuit,
526 2247 547 2283 et
562 2242 679 2283 observabo
696 2240 809 2284 secundum
829 2239 927 2281 universa
948 2239 1050 2292 quemad-

88 2312 171 2353 modum
187 2317 315 2355 contcstatus
331 2325 387 2368 sum,
407 2318 442 2354 aut
461 2312 527 2353 adbuc
546 2312 617 2365 magis.
651 2311 723 2365 Itaque
743 2310 791 2351 mihi
811 2314 871 2362 pacta
891 2308 984 2351 servanti
1001 2320 1050 2362 pars

88 2383 127 2423 orit
143 2394 188 2423 oum
204 2383 288 2426 sanctis:
303 2385 372 2439 agenti
388 2397 440 2426 vero
456 2389 528 2425 contra
544 2395 569 2423 ea
585 2395 638 2436 quae
653 2388 725 2436 pactus
742 2394 786 2425 sum
802 2381 883 2422 inimica
899 2378 947 2420 mibi
966 2379 992 2421 sit
1009 2392 1049 2420 re-

61 2464 81 2496 ιο
88 2465 132 2494 rum
146 2453 268 2495 universitas
286 2459 306 2496 et
320 2460 394 2496 cuncta
405 2466 520 2509 peragrans
536 2454 608 2495 aether
624 2455 700 2507 quique
717 2459 826 2506 estsuper
843 2452 909 2494 omnia
918 2450 975 2492 Deus
981 2484 986 2505 ,
1008 2463 1049 2505 quo

87 2524 170 2577 melior,
198 2535 238 2576 quo
258 2527 324 2580 major
346 2526 420 2569 nudus.
465 2524 485 2567 Si
508 2525 567 2566 etiam
587 2525 608 2565 iu
633 2524 774 2579 cognitionem
794 2523 875 2564 veniam
897 2521 980 2563 atterius
1005 2520 1050 2576 Dei,

87 2595 142 2635 huuc
166 2605 249 2648 quoque
267 2608 321 2637 nunc
342 2598 401 2652 Juro,
428 2608 461 2636 me
486 2593 544 2635 aliter
568 2605 610 2635 non
634 2600 737 2649 acturum,
769 2594 813 2636 sive
838 2592 871 2633 ilie
896 2591 981 2646 existat,
1006 2590 1050 2633 sive

87 2664 121 2706 iiie
143 2675 187 2705 non
207 2664 286 2708 existat.
331 2666 363 2709 Ad
385 2665 437 2709 hacc
459 2664 537 2720 omnia,
558 2665 574 2706 si
596 2664 673 2719 saliam,
696 2676 733 2705 ero
754 2664 906 2717 exsecrandus,
936 2662 1009 2710 vivens
1030 2666 1050 2704 et
1097 2699 1099 2701 ,

120 2854 137 2889 ί,
167 2846 343 2903 ιιαριικαδήσομαι
359 2851 380 2888 0,
612 2852 629 2888 7,
661 2844 699 2888 ὅσα
710 2850 729 2887 C,
752 2851 833 2889 Subinde
849 2849 915 2900 scripsi
931 2845 941 2901 ή
958 2845 1048 2899 καὶαι),

119 2915 138 2947 2.
167 2911 193 2947 Ita
210 2909 224 2946 0
246 2912 265 2946 et
283 2920 306 2946 ex
325 2911 404 2957 conjeci.
425 2910 452 2958 Ο,
471 2907 556 2962 νομήσαι
581 2913 601 2945 ut
613 2910 650 2956 jam
666 2910 714 2957 conj.
731 2912 753 2958 S,
771 2907 789 2949 εἰ
804 2904 837 2948 καί
853 2911 872 2948 G,

90 2971 114 3008 in,
130 2969 148 3005 iu
163 2973 218 3007 tortu¹
610 2970 630 3013 8,
660 2963 701 3006 οὐδ’
719 2964 747 3013 εἷς
763 2969 783 3006 C.

118 3030 137 3066 3.
167 3022 269 3066 άυοδώσιι
285 3026 306 3063 0,
610 3030 629 3064 9.
658 3021 755 3066 ύυόνοιαν
771 3027 790 3064 Ο,
819 3028 886 3064 Postea
902 3019 941 3065 εἴτε
957 3026 978 3064 0.

118 3089 137 3124 d.
167 3083 279 3138 μαρτυρίας
295 3084 316 3125 Ο.
613 3087 645 3124 tc.
662 3081 683 3123 δὲ
699 3085 718 3124 G.
742 3086 785 3124 Tum
800 3082 902 3138 ψεύσομαι
918 3085 956 3124 Oc.
966 3086 984 3134 S,
1000 3081 1049 3136 ψιύ·

119 3147 136 3182 5.
167 3140 206 3196 uod
225 3145 245 3185 0,
581 3154 647 3194 σωμαι
663 3143 682 3182 G.

120 3208 137 3243 6.
167 3216 206 3256 μου
223 3203 242 3243 G.
