2276 3612
112 234 141 285 Χῖ,
158 238 192 276 κθ.
209 238 243 276 21.
420 237 422 241 ⁴
565 232 607 276 ant

109 350 210 410 ἥθελον,
225 347 281 397 οίλλοὶ
298 356 397 394 συνεῖναι
414 349 450 394 καὶ
470 343 561 405 ω’φελεῖν
578 346 662 402 oduario
684 350 712 411 τῇ
733 346 779 392 των
799 342 931 401 κρειττόνων
953 343 1070 408 υηηχηοει,

110 420 169 468 ὅθεν
183 427 204 467 οἱ
219 419 319 469 οἷπειθεῖς
335 415 458 464 ἐπακούειν
473 416 549 465 αὐτων
573 417 606 478 μη
626 422 734 469 θέλοντες
749 415 816 462 αιίτοὶ
837 412 921 466 αὐτούς
936 420 1071 476 ἐπολέμουν,

108 493 251 552 χωρίζοντες,
269 486 397 541 ιλιυίκοντες,
412 489 543 545 μισοῦντες·
573 495 595 536 οἱ
612 493 635 538 db
651 494 725 539 ταυτα
741 483 879 547 πάσχοντες,
899 489 1013 538 ἐλεοῦντες
1029 487 1071 535 αὐ-

109 558 181 610 νοτίς1
194 556 241 605 det
262 555 356 617 ιίχνοίας
378 559 577 616 ἐνεθριυομένους,
599 561 731 620 ιλιιλοοκμλίηι
751 554 875 615 φρονησεως
896 556 991 617 ηὔχοντο
1011 557 1070 618 ὑπὲρ

84 641 93 674 t
110 632 154 677 coia
168 629 215 676 τοί2
230 624 287 674 κοικοί
303 625 388 678 αιίτοιίς
403 629 580 686 διατιθεμένων,
595 628 637 690 την
652 630 748 690 α’ίχνοιαν
763 627 806 673 του
818 623 985 685 ἁμαρτήματος
995 629 1070 674 αἰτίαν

108 701 166 745 εἶναι
176 697 352 755 μεμαθηκότες.
383 695 454 750 αὐτὸς
468 698 513 757 χείρ
528 696 540 745 ὁ
557 698 851 757 ιλιιλιίσκαλοςπροσηλωθελς
862 695 942 758 ηὔχετο
951 699 982 757 τῷ
994 701 1069 756 πατρί,

107 778 152 819 τοῖς
167 764 239 814 αὑτὸν
254 764 390 832 οίναιρουσιν
407 764 523 827 οίφεθηναι
540 770 564 816 τὸ
577 768 704 829 οίμοίρτημα
714 764 810 815 stridat·
827 766 907 826 καίτερ,
924 765 978 826 ίίφες
994 763 1070 819 αὐτοῖς

106 834 147 889 τοίς
162 838 276 897 οἷμορτιάς
292 836 383 892 αὐτῶν,
397 836 425 884 οὐ
441 837 484 898 χοίρ
500 841 589 888 οἱίλασιν
605 839 619 885 tt
635 841 747 886 ποιοῦσιν.
777 840 877 898 μιμηταὶ
893 836 936 883 οὖν
951 838 1069 896 γινόμενοι

106 910 148 953 τού
163 907 299 956 θιθασκοίλου
314 911 349 955 καί
365 905 443 963 ου’τοί,
459 913 483 955 ἐν
499 907 651 970 οἷςέπασχον,
665 910 724 968 ὑπὲρ
733 910 776 955 των
785 909 950 966 διατιθεμένων
964 905 1070 968 ηὔχοντο,

81 977 134 1029 ῖοῶς
149 978 310 1042 ἐθιθοίχθηοαν.
340 979 410 1030 οὕτως
426 980 453 1026 ori
467 990 541 1038 γονεῖς
555 981 679 1038 μισουντες
694 983 835 1041 ἐχωρίζοντο,
859 975 928 1024 ὁπότε
952 980 988 1023 καί
1009 976 1068 1037 ω’πέρ

106 1050 151 1095 των
166 1045 298 1108 μηχανέων
316 1052 374 1108 pods
395 1054 521 1110 συχχενων,
544 1054 629 1111 ἐχθρῶν
649 1052 672 1097 db
694 1052 834 1109 γενομένων,
856 1050 948 1095 ἐποίουν
970 1059 1068 1109 συνεχεῖς

106 1115 190 1180 ειίχαίς4
206 1122 242 1166 καί
259 1120 353 1179 οίχαποῖν
370 1121 510 1179 πειρωνται5
525 1121 554 1173 είς
569 1122 747 1182 ἐκελεύσθησαν·

163 1191 215 1234 ΧΧΙ.
245 1193 337 1236 Εἴπατε
353 1191 376 1236 dd
390 1209 431 1248 μοι
446 1189 524 1250 ὑμεῖς,
540 1194 587 1245 πως
602 1189 655 1243 τοιλς
669 1202 742 1251 γονεῖς
757 1189 873 1251 οίχαποῖτε,Ι
894 1196 914 1238 εἰ
932 1194 976 1251 μὲν
999 1187 1027 1241 τίς
1042 1190 1067 1235 τὸ

106 1260 193 1307 δίκαιον
210 1256 243 1306 det
259 1262 415 1316 nuenarianae,
437 1263 576 1324 συνεύχομαι
583 1298 590 1317 ,
612 1267 632 1309 εἰ
652 1265 675 1310 db
695 1261 725 1315 ω’ς
746 1267 836 1323 ἔτυχεν,
856 1258 942 1315 ου’κέτι,
963 1258 1067 1308 ελιίνασθε

79 1329 147 1387 ῖὸγοίρ
162 1332 198 1376 καί
212 1333 283 1392 μικρᾷ
299 1328 411 1390 προφάσει
426 1329 512 1378 τουτων
526 1335 635 1390 γενέσθαι
651 1334 739 1394 ἐχθροί.
777 1336 797 1378 εἰ
812 1333 835 1378 (λε
858 1330 942 1383 εἰδότες
957 1330 1068 1389 οίχαποῖτε,

105 1404 184 1446 εἴπατε
199 1397 277 1457 ὑμεῖς,
293 1403 315 1448 τί
330 1402 392 1449 εἰσι6
407 1413 487 1461 χονεῖς.
517 1408 593 1462 ἐρεῖτε·
616 1406 696 1463 χένους
712 1401 839 1464 οἷρχηχέται.
876 1398 912 1447 tad
933 1403 955 1447 τί
976 1396 1020 1447 οὖν
1041 1397 1066 1444 τό

104 1472 148 1515 των
169 1468 227 1518 ὅλων
246 1473 311 1529 γένος
332 1469 371 1519 οιίκ
393 1471 540 1532 η’χαπήσατε,
568 1477 630 1532 εἴπερ
650 1475 726 1532 δικαίῳ
751 1470 882 1531 φρονήματι
904 1474 972 1518 τουτο
993 1480 1068 1516 ποιεῖν

104 1541 267 1594 ἐπανείλεοθ·ε,·
284 1539 331 1589 αλλ’
347 1547 379 1589 ἐτι
397 1544 433 1589 καὶ
449 1545 493 1588 νῦν
507 1548 585 1602 ἐρεῖτε·
603 1541 645 1606 οτίχ
660 1542 790 1603 ἑωράκαμεν
812 1540 889 1588 αὐτόν.
926 1537 961 1587 dot
983 1543 1005 1586 τί
1025 1536 1067 1586 οὗν

105 1608 139 1667 μη
154 1610 290 1667 ζητήσαντες
306 1611 333 1659 τοί
349 1612 480 1672 οίναίοθητα
497 1612 641 1666 κολακειίετε,Ι
658 1615 680 1659 τί
695 1615 731 1667 θές
748 1616 768 1658 εἰ
784 1614 819 1658 καί
838 1608 949 1659 ιλιίσκολον
964 1606 993 1669 ἦν
1009 1607 1066 1666 ὑμῖν

80 1751 166 1794 20innno
183 1753 241 1795 simul
257 1760 351 1811 manere,
371 1755 465 1810 aliosque
487 1755 595 1798 meliorum
616 1755 745 1810 expositione
762 1755 846 1809 juvare.
883 1752 940 1796 Unde
960 1750 1066 1806 increduli,

106 1823 153 1865 dnrn
168 1824 272 1882 nolebant,
290 1827 367 1883 audire,
385 1827 423 1881 ipsi
439 1813 557 1870 contraeas
573 1827 693 1882 pugnabant
707 1838 744 1880 por
759 1825 917 1880 separationem,
933 1823 1066 1878 persecutio·
1136 1813 1138 1820 ’

105 1906 163 1952 nem,
180 1896 254 1938 odium.
286 1898 324 1947 Qui
340 1911 391 1941 vero
408 1900 447 1942 ista
463 1898 604 1953 sustinebant,
623 1897 714 1940 miserati
730 1908 778 1951 eos,
800 1897 834 1951 qui
848 1896 896 1950 ipsis
912 1908 949 1950 per
963 1894 1065 1950 ignoran-

103 1966 151 2007 tiam
166 1967 324 2026 insidiabantur,
337 1970 429 2012 doctrina
444 1970 567 2024 prudentiae
591 1970 677 2011 orabant
697 1981 734 2023 pro
750 1968 883 2010 venatoribus
903 1967 957 2021 suis,
977 1965 1065 2014 scientes

104 2050 187 2081 causam
203 2039 271 2081 delicti
287 2053 334 2084 csse
354 2042 497 2096 ignorantiam.
534 2040 581 2094 Ipse
603 2041 656 2082 enim
677 2041 775 2096 Magister
795 2040 857 2081 clauis
879 2036 1066 2079 confixus-orabat

79 2114 192 2166 aspatrcm,
208 2116 231 2152 ut
246 2112 291 2166 ejus
306 2110 472 2154 interfectoribus
489 2111 598 2153 dimitteret
614 2115 732 2166 peccatum,
750 2110 831 2151 dicens:
843 2114 914 2162 poter,
932 2107 1009 2148 domae
1023 2107 1065 2152 turs

101 2186 192 2233 peccato
207 2193 251 2222 suo.
282 2181 329 2224 Non
345 2182 399 2222 enim
413 2182 482 2222 sciunt
496 2194 548 2236 ηιιοο
562 2180 649 2233 fociant.
679 2180 783 2223 Imitantes
797 2191 848 2234 ergo
865 2178 983 2233 Magistrum
999 2183 1019 2220 et
1027 2179 1064 2232 ipsi

102 2251 124 2292 in
138 2250 163 2292 iis
179 2262 233 2304 quae
249 2251 378 2304 patiebantur
395 2250 485 2292 orabant
498 2263 535 2305 pro
553 2250 696 2306 afflictoribus,
712 2249 884 2305 quemadmodum
900 2247 1063 2291 edoctifuerant.

104 2320 137 2363 Sic
152 2332 195 2362 non
211 2320 259 2363 odio
274 2327 383 2375 parentum
400 2322 560 2377 separabantur,
577 2321 742 2376 quandoquidem
759 2325 779 2362 et
794 2332 832 2374 pro
848 2320 885 2375 iis,
902 2319 935 2373 qui
951 2331 990 2361 nec
1006 2322 1064 2361 erant

102 2397 211 2447 parentes,
228 2403 269 2433 neo
281 2391 397 2446 propinqui,
412 2391 450 2433 sed
465 2391 545 2448 inimici,
561 2404 635 2445 preces
651 2392 759 2434 continuas
774 2390 893 2447 tundebant,
910 2403 988 2446 eosque
1004 2395 1065 2444 prout

78 2462 154 2517 topussi
170 2467 228 2503 erant
241 2462 357 2505 nitebantur
372 2462 465 2523 diligere.
984 2455 985 2459 ¹

161 2531 213 2574 XXI.
243 2532 290 2574 unni
304 2539 371 2575 autem
387 2535 448 2578 dicite
463 2548 513 2591 vos,
534 2548 575 2590 quo
599 2534 659 2578 niodo
681 2539 779 2589 parentes
800 2534 892 2590 diligatis.
927 2536 1026 2591 Equidem
1047 2534 1064 2580 si

103 2603 159 2646 velut
171 2602 269 2658 Justitiam
284 2616 366 2658 semper
381 2606 460 2662 intuiti,
477 2607 530 2648 bene
547 2611 588 2649 est:
610 2606 641 2648 sin
663 2618 713 2647 vero
730 2611 818 2661 temere,
840 2619 882 2649 non
904 2608 988 2662 amplius
1003 2609 1063 2651 beno.

102 2673 193 2718 Potestis
207 2672 260 2715 enim
276 2685 358 2727 parvam
375 2676 400 2717 ob
420 2689 503 2719 causam
525 2688 598 2718 eorum
620 2675 692 2718 hostes
707 2674 757 2717 fieri.
793 2676 852 2724 Quod
869 2678 885 2720 si
900 2679 960 2733 gnari
975 2680 1062 2735 diligitis,

102 2746 173 2801 dicite,
192 2744 240 2799 quid
256 2745 295 2787 sint
310 2753 411 2799 parentes.
443 2748 609 2802 Respondebitis:
626 2746 711 2801 originis
727 2751 828 2791 auctores.
861 2751 900 2791 Gur
915 2762 966 2805 ergo
976 2756 1062 2792 cunctan

78 2824 148 2858 aarum
162 2827 232 2857 rerum
250 2816 349 2869 originem
365 2818 430 2860 Deum
447 2833 488 2862 non
505 2819 585 2874 amatis,
602 2818 619 2860 si
631 2819 688 2872 Justo
701 2817 778 2871 judicio
794 2819 834 2862 troc
850 2821 968 2874 suscepistis
979 2818 1063 2864 faceret

103 2886 144 2930 Sed
160 2886 234 2940 etjam
250 2885 332 2943 dicetis,
353 2889 407 2930 illum
423 2902 465 2932 non
481 2891 582 2932 novimus.
623 2888 692 2936 Quinc
711 2888 772 2941 igitur
795 2902 837 2932 nnn
859 2893 975 2944 percontati
997 2892 1062 2935 colitis

104 2969 167 3001 sensu
188 2957 301 2999 destituta?
332 2958 384 3006 onio
404 2962 472 3004 vero?
503 2962 541 3005 etsi
561 2951 634 3002 dificile
656 2963 700 3001 erat
721 2960 779 3003 vobis
802 2973 944 3016 cognoscere,
969 2963 1016 3017 quid
1037 2962 1062 3005 sit

135 3056 153 3091 t.
184 3050 288 3103 ε’λεοῖνιες,
313 3048 397 3099 ἑαυτοιίς
420 3058 445 3108 C,
470 3055 571 3102 ἐλεοῦντες
626 3058 645 3093 4λ
676 3052 747 3105 γονέων
762 3054 797 3108 μὲν
813 3052 876 3097 ὅντων
897 3054 975 3112 ἐχθρῶν
997 3055 1017 3099 db
1033 3073 1059 3111 χε·

105 3108 188 3157 ἑαυτοὺς
202 3114 221 3151 S.
458 3119 459 3122 ’
596 3111 683 3167 νομένων
699 3111 803 3155 ἐποιοῦντο
818 3112 856 3161 τὰς
870 3111 929 3169 ειλχιλς
947 3118 968 3157 0.

134 3175 152 3208 2.
183 3167 208 3209 τιλ
223 3172 330 3222 transcripsi
348 3185 371 3212 ex
387 3172 409 3212 0,
625 3177 643 3211 5.
675 3171 782 3226 κείρονται
798 3175 820 3213 0.

135 3231 153 3267 3.
183 3230 224 3270 Luc.
240 3235 274 3283 23,
291 3235 324 3271 34.
625 3237 642 3271 6.
671 3227 867 3283 immutator.
