2276 3612
520 204 521 207 Ἴ
564 235 603 282 ila
931 235 961 286 AV,
977 240 1011 276 cr.
1028 242 1062 278 aa.

101 355 162 397 ἐστιν
177 352 261 398 ἑαυτοῦ
277 349 355 405 πάθος
369 353 407 399 ’ναί
423 350 527 405 κόλασις,
548 353 585 396 ναί
601 349 655 401 θεὸς
670 350 710 396 ov’c
728 347 758 395 άν
773 351 808 406 είιγ
823 346 941 409 άπάσχων
956 350 1023 395 ἑνῶν·
1040 357 1060 397 εἰ

100 422 123 467 db
138 414 198 466 άντων
213 422 250 482 ἐρῶ
266 423 306 480 τῆς
327 424 420 481 μίξεως,
442 422 478 467 ναί
493 420 533 472 τάς
547 419 660 478 ἡμετέροις
680 418 825 481 διερχόμενος
840 418 916 481 ψυχάς
940 418 1016 480 ῶσπερ
1032 419 1059 469 δι’

99 483 200 549 ὀργάνων
215 495 260 538 τῶν
275 493 389 551 ἡμετέρων
412 488 522 549 σωμάτων
541 494 573 541 εἰς
595 485 637 539 τάς
656 491 699 535 τῶν
719 491 806 547 νοφτῶν
822 492 913 550 φέρεται
931 495 1059 547 συνουσίας,

99 562 111 607 ὁ
126 562 208 613 τοῦτον
220 564 278 621 ἐρῶν
293 564 364 608 ποιῶν
383 564 420 607 ναί
436 562 508 618 φὲρων
523 562 604 619 μείζων
620 554 693 605 αῶτοῶ
708 560 823 619 τυγχάνει·
840 563 877 608 ναί
894 560 968 608 πάλιν
984 561 1057 610 calceo

99 631 242 679 ἐνείνουτοῶ
258 635 365 691 φέροντος
379 632 445 690 ἑτέρῳ
461 627 528 687 πάθω
545 630 684 688 φερομένου,
705 628 787 684 μείζων
802 630 869 683 άλλος
884 631 897 678 o‘
913 634 986 692 φέρων
999 637 1072 680 ἐκεῖ-5

97 718 140 748 νον
155 695 292 759 εῶρίσυεται·
317 702 353 746 ναί
371 704 403 751 εἰς
417 700 548 759 άπέραντον
565 695 732 757 ἐπαναφοροίν1
747 701 791 745 τῶν
805 699 905 757 ἐρώντων
920 705 1021 761 γίνεται,
1043 703 1055 752 ὅ

97 776 158 817 ἐστιν
173 768 295 819 adiectos.
308 784 312 791 '
326 768 397 820 οὕτως
412 769 452 816 σῶν
469 775 532 818 ἐστιν
546 769 601 816 odos
616 766 627 815 d
645 770 728 826 φέρων,
749 768 828 814 odaei
848 767 986 829 φερόμενος,
1006 773 1055 823 ἄγχ’

97 837 169 888 αῶτοῶ
185 842 226 887 τοι]
248 842 343 898 ἐρῶντος
364 839 390 887 τά
408 838 579 900 ἐπιθυμητικῶν
599 845 645 888 ἐστι
666 838 757 894 πάθος,
776 840 848 886 ἐλπίδι
869 837 995 898 αὐξόμενον
1016 849 1054 894 ναί

97 906 225 968 άπσγνῶσει
240 908 388 969 μειούμενον.
772 903 775 909 ’
965 929 967 932 ·

153 982 226 1026 ΧΧΙΙ..
247 982 277 1026 Οἱ
297 980 320 1025 db
340 992 429 1037 κροτεῖν
449 981 542 1043 αἰσχροῖς
561 981 689 1038 ἐπιθυμίας
709 976 743 1038 μὴ
765 978 902 1038 βουλόμενοι
924 985 968 1032 τῶν
990 990 1079 1035 &euicto

95 1049 292 1105 ναταφεῶλονται,
313 1055 351 1096 ἵνα
367 1052 419 1109 περί
435 1044 466 1097 ῶν
482 1050 637 1110 πράττουσιν,
658 1049 713 1102 τους
728 1046 800 1100 θεοῶς
815 1050 843 1100 ῶς
858 1054 981 1111 προτέρους
996 1057 1052 1116 dput-

96 1139 180 1172 σανοας
193 1119 372 1173 ὑποδεικνύντος
388 1121 599 1169 άπαλλάσσωνται2
614 1123 655 1180 τῆς
669 1123 784 1180 με’μιγεως.
813 1125 833 1167 εἰ
845 1119 889 1180 γάρ
904 1125 1052 1179 παιδοποιΐας

94 1200 181 1247 ἕνεκεν,
196 1191 233 1237 καί
253 1186 295 1238 σῶν
309 1187 435 1251 ῶσελγείας,
457 1197 478 1238 οἱ
494 1190 612 1251 λεγόμενοι
634 1194 685 1239 θεοὶ
701 1190 743 1242 τάς
757 1193 861 1253 μοιχείας
876 1196 1008 1251 ἐπετέλουν,
1029 1200 1052 1245 τί

93 1265 129 1311 καί
143 1273 191 1313 τοῖς
206 1260 297 1320 άρσεσιν
312 1263 435 1322 ἐμίγνυντο
444 1263 462 1317 ³3
478 1259 534 1309 άλλά
542 1261 694 1323 χαριζόμενοι,
709 1263 786 1320 φησίν,
798 1273 846 1313 ταῖς
861 1266 983 1320 ἐρωμέναις
995 1287 1051 1316 κατ-

93 1332 226 1393 ηστέριζονί
246 1329 325 1382 αὐτάς.
365 1330 449 1381 abacto
476 1333 519 1392 πρὸ
540 1330 625 1380 τούτου
645 1333 685 1379 ουίι
711 1329 770 1391 ἦσαν
790 1329 893 1391 οἷστέρες,
915 1337 993 1396 μέχρις
1013 1337 1050 1386 ὅτε
1058 1347 1078 1384 15

93 1402 209 1462 α’σιλγείας
225 1402 336 1462 προφάσει
350 1399 398 1450 άπὸ
415 1405 502 1465 μοιχῶν
516 1400 528 1450 ὅ
544 1401 641 1461 ου’ροινὸς
656 1403 748 1462 άοτροις
762 1403 895 1462 incompto,-
909 1406 957 1458 πῶς
974 1409 997 1453 dl
1014 1413 1051 1457 nul

93 1478 114 1521 οἱ
129 1477 172 1519 τῶν
187 1473 414 1532 υατνγστερισμένων5
428 1479 517 1533 ἔκγονοι
528 1479 552 1520 ἐν
568 1473 623 1534 ρλιλου
638 1475 783 1530 αολάζονται,
799 1470 811 1517 ὅ
825 1491 849 1518 τε
860 1471 949 1526 ’Ἁτλας
962 1479 1052 1537 βαρσῶ·

91 1562 162 1602 μενος
167 1568 174 1598 ,
188 1543 224 1588 καί
240 1540 252 1588 ά
271 1542 389 1593 Τάνταλος
405 1542 479 1604 ιίίφφ6
494 1539 634 1600 οἷνιῶμενος,
652 1545 688 1589 καί
705 1540 717 1588 d
733 1545 835 1598 Σίσυφος
851 1545 940 1601 ἐρείδων
956 1551 1050 1610 πέτραν,

95 1611 176 1665 Τιτυὸς
191 1611 220 1661 τά
236 1612 355 1675 σπλάγχνα
369 1607 553 1670 ιλιορυττάμενος,
572 1612 645 1667 Ἰξίων
659 1614 709 1672 περὶ
727 1610 809 1674 τροχῶν
829 1610 952 1669 άπαῶστως
966 1623 1050 1668 -ιιυλιν-

89 1759 184 1813 princeps
201 1770 224 1799 ac
240 1757 322 1811 ductor,
336 1754 404 1809 isqui
419 1755 440 1797 in
455 1755 596 1810 cupiditatibus
612 1761 714 1798 versatur.
744 1755 795 1798 Natu
810 1746 828 1800 si
839 1763 913 1812 sponte
927 1762 988 1819 cupit,
1003 1763 1074 1818 ipseaa

90 1835 121 1872 est
136 1830 168 1871 sui
182 1829 288 1883 perpessio
305 1832 325 1871 et
340 1826 469 1882 supplicium,
485 1840 524 1869 nee
540 1827 590 1871 deus
606 1833 647 1883 est,
664 1828 699 1882 qui
714 1827 830 1870 voluntarie
846 1830 931 1884 patitur:
947 1834 978 1876 sin
993 1846 1045 1878 vero

88 1902 162 1943 invitus
185 1901 261 1955 appetit
282 1898 425 1955 concubitum,
447 1904 468 1940 et
487 1902 567 1942 nostras
588 1887 704 1954 pervadens
720 1900 796 1942 animas
817 1904 920 1955 tamquam
941 1911 980 1958 per
994 1917 1045 1948 cor-

88 1977 161 2027 porum
176 1976 294 2013 nostrorum
311 1969 445 2013 instrumenta
459 1969 525 2012 fertur
548 1968 573 2010 ad
589 1981 725 2024 congressum
742 1982 815 2012 eorum
836 1983 890 2026 quae
908 1974 945 2015 sub
968 1975 1045 2018 intelli-

89 2046 178 2101 gentiam
194 2044 280 2100 cadunt,
297 2044 332 2098 qui
349 2055 394 2085 eum
410 2042 486 2084 inducit
502 2042 527 2084 ad
544 2042 663 2098 amandum,
679 2043 744 2097 major
760 2047 791 2086 est
807 2054 843 2084 eo:
867 2043 982 2101 iterumque
998 2059 1044 2089 cum

87 2117 126 2159 hic.
136 2117 170 2171 qui
184 2115 261 2157 inducit
278 2114 298 2155 in
321 2114 382 2156 alium
396 2112 504 2155 inducatur
523 2124 626 2165 amorem,
648 2113 714 2168 maJor
730 2113 780 2155 alius
796 2115 831 2168 qui
845 2113 900 2155 hunc
914 2116 990 2159 inducit
1006 2132 1044 2161 re·
1051 2132 1071 2165 σε

87 2187 176 2242 peritur,
192 2190 212 2228 et
225 2186 246 2227 in
260 2184 359 2240 inlinitum
375 2185 484 2226 amantium
499 2197 607 2226 numerum
620 2184 785 2239 fitprogrossus3
801 2185 960 2238 qucdfierinon
969 2195 1043 2242 potest,

86 2258 149 2313 Igitur
165 2269 233 2311 neque
250 2262 280 2299 est
295 2257 329 2309 qui
342 2256 426 2312 inducit,
441 2268 510 2310 neque
527 2256 561 2310 qui
576 2256 690 2315 inducitur3
703 2255 740 2298 sed
749 2262 780 2298 est
787 2257 851 2311 ipsius
861 2260 946 2302 amantis
958 2259 1043 2305 allectus

87 2329 245 2383 concupiscens,
262 2327 296 2381 qni
311 2337 347 2381 spe
364 2331 452 2381 augetur
467 2331 488 2367 et
503 2326 649 2380 desperatione
664 2326 765 2368 minuitur.

143 2396 203 2440 XXII.
234 2397 272 2446 Qui
288 2408 338 2438 vero
354 2402 435 2450 turpem
449 2396 522 2438 nolunt
538 2396 668 2450 cupiditatem
683 2408 795 2452 coercere,
816 2397 842 2440 de
862 2398 900 2441 diis
915 2400 1041 2445 mendaciter

85 2470 175 2525 fingunt,
190 2468 246 2510 utin
263 2468 287 2508 iis
303 2480 356 2522 quae
371 2472 490 2522 perpetrant
509 2468 559 2511 deos
574 2468 650 2522 primos
665 2480 712 2511 esse
728 2473 824 2511 auctores
838 2470 967 2514 ostendendo
984 2475 1068 2529 culpa30

84 2540 203 2582 liberentur.
234 2538 254 2581 Si
270 2539 323 2580 enim
339 2538 483 2593 suscipiendae
498 2539 575 2582 sobolis
591 2539 656 2594 gratia
676 2533 698 2581 et
712 2551 754 2581 non
769 2539 857 2584 libidinis
874 2554 936 2598 ergo,
959 2545 994 2598 qni
1014 2545 1040 2587 dii

84 2616 196 2664 uocantur,
212 2608 310 2650 adulteria
327 2610 483 2664 commiserunt,
499 2622 536 2650 cur
552 2621 598 2650 oum
613 2609 707 2652 masculis
723 2622 806 2665 quoque
820 2613 974 2657 miscebantur?
1000 2616 1039 2659 Sed

84 2686 106 2723 ut
121 2679 295 2735 gratificarentur,
310 2678 381 2735 inquit,
397 2679 514 2721 mulieribus
527 2678 630 2734 adamatis,
645 2679 688 2721 illas
697 2679 718 2720 in
729 2685 784 2722 astra
793 2688 946 2727 converterunt.
975 2684 1039 2741 Igitur

84 2757 143 2793 antea
159 2755 214 2793 astra
229 2761 271 2790 non
286 2755 354 2805 erant,
370 2763 437 2805 usque
453 2750 500 2792 dum
515 2749 611 2791 lasciviae
627 2750 736 2792 occasione
749 2751 828 2793 caelum
844 2754 906 2797 stellis
922 2768 1038 2799 exornare-

83 2818 129 2864 tur?
160 2821 185 2863 Et
200 2831 240 2874 quo
257 2818 316 2860 modo
330 2821 351 2861 in
366 2821 433 2863 stellas
450 2820 560 2863 relatarum
575 2820 634 2862 liberi
649 2833 672 2862 ao
688 2826 774 2874 nepotes
790 2823 844 2876 apud
858 2825 935 2869 inlares
945 2827 1036 2880 puniun-
1045 2849 1065 2887 ³5

82 2893 130 2934 tur?
161 2892 217 2934 Atlas
233 2897 329 2947 gravatus
345 2895 448 2951 pondere,
464 2894 559 2937 Tantalus
575 2897 659 2935 enectus
676 2891 717 2945 siti,
731 2891 831 2947 Sisyphus
845 2900 922 2948 petram
937 2898 1035 2955 retinens,

83 2964 151 3019 Tityus
166 2969 263 3019 pertusus
277 2965 367 3020 viscera,
387 2964 445 3008 lxion
462 2966 517 3007 circa
532 2968 598 3006 rotam
620 2961 760 3005 indesinenter
780 2963 889 3008 volutatus.
927 2967 1035 3017 Quomodo

112 3110 130 3145 l.
161 3102 280 3158 ἐπαναφορὰ
297 3107 344 3154 conj.
361 3106 387 3143 Cl.
597 3109 616 3143 4.
647 3103 788 3160 υατησιήριζον
804 3107 823 3145 u.

110 3170 128 3203 2.
159 3167 185 3204 lta
199 3165 212 3203 0
230 3178 246 3205 c.
262 3167 286 3213 S,
302 3161 467 3205 ἀπαλλάσσονται
485 3166 505 3206 (λ.
598 3167 616 3202 5.
647 3164 826 3221 ναιεστιγρισμένοιν
842 3164 861 3210 Ο,

111 3227 129 3263 3.
159 3221 259 3278 ἐμίγνυντο
276 3225 290 3266 0
306 3238 322 3264 c.
338 3223 360 3275 S,
377 3219 485 3276 ἐμιγνοϊντο
502 3225 521 3267 G.
597 3229 616 3268 6.,
647 3221 702 3283 ἐίφει
718 3225 738 3273 O,
