2276 3612
108 249 154 299 inv,
172 248 267 299 ia-xv,
279 250 296 287 1.
561 243 604 287 306

109 361 145 405 uui
161 359 172 405 ὁ
189 361 275 418 Πέτρος
291 356 439 415 άπεκρίνατσ·
457 356 548 419 άπεχεῙ,
561 354 594 416 μη
610 375 666 412 πως,
682 357 730 413 περλ
745 349 775 398 ὧν
791 349 953 411 άληύεύοσσιν,
973 358 1064 411 ἐπιταγ-

109 430 226 490 χάνσασιν,
247 431 282 474 καλ
299 426 346 489 σύχλ
363 425 513 486 άκριβσύντες
534 430 641 486 λέγουσιν.
678 421 765 484 άνάγκη
783 420 827 482 γάρ
850 427 911 470 πάσα
935 430 958 470 ἐκ
978 425 1066 469 πολλῶν

109 503 152 545 τῶν
168 501 294 556 λεγομένων
310 494 524 555 άποβαίνειντινά.
558 499 594 542 καὶ
612 495 623 542 ύ
639 501 708 556 γέρων
723 502 771 553 ἔφη.
809 496 854 544 πώς
871 490 912 540 οὖν
932 501 979 542 ἔστι
999 492 1066 549 περὶ2

109 568 190 616 τούτου
206 564 425 627 πληροφορηύηναι,
442 565 467 614 τό
484 572 527 614 εἴτε
544 567 679 625 συνέστηκεν
694 565 719 612 τό
735 562 791 610 κατά
807 561 849 621 τάν
864 567 964 622 γένεσιν,
979 561 993 621 ἢ
1010 560 1051 618 ού,-

84 650 93 680 ὁ
164 641 206 683 ΧΠ.
237 638 385 697 ιΑμιμστέραν
401 637 444 685 σύν
457 638 589 685 σιωπώντων
605 643 663 695 ἔφην
679 634 744 695 ἐγά5’
758 632 835 691 ἐπειδὴ
851 631 875 679 τό
891 633 992 692 μάθημα
1007 630 1065 688 άκρι-

108 711 153 769 βάς
168 711 303 765 ἐπίσταμαι,
324 705 336 753 ό
357 708 380 753 (is
396 704 472 766 κύριος
494 709 529 752 καὶ
554 707 566 752 o‘
586 706 661 765 πατὴρ
685 702 726 766 ούχ
745 703 827 756 οὕτως,
849 702 945 759 ἤθελον,
965 707 984 748 εἰ
1000 697 1067 750 αύτός

108 777 251 838 Ἀννσαβίων
267 779 355 835 παρην,
371 778 407 823 ἐπὶ
422 778 465 823 τού
480 773 564 834 πατρός
580 776 743 834 ποιήσασθαι4
759 773 832 832 λόγον.
864 772 923 818 σύνει
938 770 981 832 γάρ
998 769 1026 817 άν
1042 768 1067 815 τό

109 851 204 907 πράγμα
220 852 251 898 εἰς
268 845 367 906 φανερόν
383 852 460 895 ἐλθεῖν
475 845 590 906 ἠδύνατο,
604 850 708 910 τεχνίτοο
724 843 780 905 πρός
795 841 921 905 ὁμότεχνον
943 842 984 902 την
1001 842 1067 902 ζητη-

110 938 146 965 σιν
162 918 286 979 ἐσχηκότος.
317 920 353 964 καλ
368 918 379 963 ὁ
396 917 471 976 πατηρ
487 913 634 976 οἷπεκρίνατο·
659 920 706 964 πού
722 913 764 962 σύν
780 914 877 961 ιλανατόν
892 919 953 960 ἐστιν
967 911 1068 958 'Annou-

85 991 175 1049 coptum
192 978 325 1049 σνντνχεῖνξ
337 989 373 1033 καὶ
389 985 401 1033 ό
419 990 570 1045 nouatum
588 992 612 1033 ἐν
627 984 769 1047 Ἀντιοχείᾳ,
785 990 828 1031 ε’κεῖ
842 982 886 1042 γάρ
901 981 1018 1042 μανθάνω
1031 984 1068 1029 Σί-

110 1077 175 1115 μωνα
197 1055 242 1111 τόν,
261 1056 338 1115 μάγον
357 1056 412 1103 όντα
423 1056 440 1110 ⁵,
454 1060 478 1115 {pt
497 1052 641 1113 Ἀννονβίαν
668 1051 828 1113 παρεπόμενος
857 1051 978 1115 άχάριστός
1001 1058 1067 1099 ἐστιν.

110 1128 185 1175 ἐπάν6
200 1125 243 1175 σύν
259 1132 303 1173 ἐκεῖ
316 1126 450 1186 γενοίμεθα,
466 1124 506 1172 ἐάν
520 1144 545 1184 γε
560 1124 727 1184 καταλάβοιμεν
743 1123 839 1178 αύτούς,
863 1121 877 1182 ἡ
901 1123 992 1181 ζήτησις
1006 1123 1068 1180 γενέ-

111 1196 286 1245 coniunctam.
320 1200 356 1243 καὶ
381 1194 441 1255 όμύς
462 1195 535 1243 πολλά
557 1197 714 1255 διαλεχθέντες
738 1196 774 1239 καὶ
798 1196 833 1239 ἐπὶ
859 1195 889 1251 τῷ
908 1191 1069 1252 άναγναρισμη]

110 1270 232 1329 χαρέντες7
247 1271 283 1314 καὶ
300 1270 348 1328 Θεῷ
363 1263 576 1327 εὐχαριστήσαντες,
590 1267 685 1323 ἑσπέρας
704 1261 930 1322 ἐπικαταλαβούσης,
945 1267 976 1313 εἰς
991 1260 1067 1308 ύπνσν

88 1336 248 1396 15ἐτράπημεν.

500 1512 625 1557 ΟΜΙΛΙΑ
639 1509 691 1556 IE'.

1121 1437 1126 1450 „2
1123 1428 1126 1432 ..
1124 1392 1127 1396 ,
1125 1382 1127 1386 Δ
1120 1110 1129 1378 mmssaemu-«wm
1119 624 1131 1107 wnrsemaeffifflsszeaeuzmffinmmsso

171 1617 185 1659 Ι.
213 1615 320 1674 ’Ὸρθροα
336 1618 358 1662 ot
372 1617 497 1673 γενομέναν
520 1615 531 1660 o‘
549 1614 623 1674 πατήρ
645 1615 702 1674 μετά
723 1619 763 1670 της
784 1610 870 1672 μητρός
891 1611 956 1671 ἦμσῐν
976 1618 1011 1660 καλ
1027 1617 1070 1660 τάν

113 1689 179 1743 opimo
195 1688 247 1731 αἰών
263 1687 384 1739 εἰσελθών,
399 1685 458 1732 ἔνθα
477 1683 488 1730 ό
504 1687 591 1742 Πέτρος
605 1681 642 1743 ἦν,
659 1682 842 1743 προσαγορεύσας
853 1687 976 1742 ἐκαθέσθη,
991 1684 1068 1731 ἔπειτα
1123 1681 1127 1728 ἶ

113 1827 229 1882 proferunt,
250 1838 300 1868 casu
316 1832 453 1880 assequantur
470 1832 490 1869 et
505 1839 546 1870 non
569 1833 671 1881 tamquam
692 1832 750 1868 certo
773 1826 860 1869 scientes
879 1826 952 1868 dicant.
983 1826 1070 1869 Omnino
1120 1826 1121 1829 ’

89 1898 167 1939 anonim
184 1909 271 1939 neccsse
289 1901 329 1951 est,
346 1908 372 1937 ex
387 1898 453 1940 multis
469 1897 526 1939 dictis
542 1898 626 1939 evenire
642 1896 746 1939 nonnulla.
776 1895 826 1936 Tum
838 1905 904 1939 senex
917 1898 954 1939 ait:
970 1909 1010 1951 qua
1019 1910 1070 1952 ergo
1119 1934 1120 1937 ,

113 1968 193 2010 ratIonc
209 1966 309 2009 certitudo
325 1966 363 2007 hac
380 1968 401 2008 in
416 1980 439 2008 ne
455 1979 502 2010 esse
517 1973 596 2023 potest,
613 1980 638 2009 an
655 1972 737 2009 constet
752 1967 844 2021 genesis,
860 1979 899 2008 nec
914 1968 958 2009 ne?

170 2038 212 2080 XII.
243 2037 293 2079 Cum
308 2038 370 2092 igitur
385 2044 473 2092 uterque
488 2043 576 2094 taceret,
597 2051 637 2094 ego
653 2038 703 2079 dixi:
724 2038 770 2092 quia
786 2037 937 2082 mathematicas
958 2038 1071 2094 disciplinas

113 2110 192 2164 penitus
208 2110 268 2163 noui,
284 2108 378 2150 domiuus
395 2113 462 2150 autem
478 2114 497 2150 et
513 2113 570 2162 pater
585 2121 625 2149 non
641 2109 699 2164 item,
716 2109 732 2149 si
747 2108 791 2160 ipse
806 2107 917 2150 Annubion
928 2108 1015 2165 adesset,
1031 2123 1071 2152 co·

113 2185 228 2234 compatre
244 2180 401 2233 disputationem
416 2180 520 2223 haberem.
556 2179 584 2221 lta
606 2180 679 2233 quippe
699 2191 733 2221 res
749 2179 814 2232 palam
830 2179 901 2218 venire
916 2184 1000 2231 posset,
1024 2180 1071 2221 dum
1115 2180 1118 2213 Σ

91 2253 164 2295 toartis
179 2252 256 2306 penitus
272 2251 371 2294 adversus
388 2252 478 2306 ejusdem
495 2253 543 2294 artis
559 2250 662 2292 hominem
679 2250 820 2304 quaestionem
836 2248 928 2301 agitaret.
959 2249 1071 2303 Respondit

114 2328 183 2377 pater:
199 2322 233 2362 ubi
248 2333 299 2376 engo
315 2326 383 2374 potest
400 2335 445 2363 cum
460 2320 584 2363 Annubione
604 2332 730 2375 congressus
751 2325 771 2361 et
786 2318 910 2372 colloquium
931 2319 1017 2361 haberi?
1047 2321 1071 2362 Et
1124 2319 1125 2322 ’

115 2393 187 2435 Petrus
203 2393 238 2434 ait:
254 2391 385 2433 Antiochiae:
406 2393 433 2434 ibi
449 2394 501 2434 enim
517 2392 577 2434 audio
594 2404 641 2434 esse
657 2391 760 2432 Simonem
776 2400 868 2443 magum,
885 2401 945 2443 quem
962 2390 1070 2432 Annubion

116 2462 221 2504 affectatus
237 2473 276 2502 non
294 2461 374 2504 deserit.
405 2462 490 2511 Quando
507 2474 558 2515 engo
578 2461 617 2502 illic
632 2461 742 2513 fuerimus,
761 2459 777 2500 si
795 2470 831 2500 cos
854 2460 1006 2511 nanciscamur,
1027 2462 1071 2504 dis·

116 2533 204 2586 ceptatio
220 2531 263 2572 fieri
278 2532 356 2584 poterit.
386 2532 410 2574 Et
425 2539 533 2587 postquam
549 2532 574 2573 de
583 2532 648 2574 multis
660 2530 798 2585 disseruimus,
813 2536 898 2583 propter
907 2532 1070 2585 recognitionem

92 2602 163 2649 polaeti
179 2606 199 2643 et
213 2600 259 2642 Deo
275 2602 349 2653 gratias
364 2607 459 2658 agentes,
475 2608 536 2645 nocte
551 2602 711 2655 superveniente
726 2600 750 2641 cd
767 2611 860 2641 somnum
876 2614 914 2644 nos
930 2603 1056 2646 contulimus.
1123 2598 1124 2602 ’

512 2775 618 2818 Hottltln
633 2777 674 2818 XV.

173 2880 186 2923 l.
217 2881 296 2923 Exorto
313 2886 379 2922 autem
396 2894 454 2924 mane
470 2888 529 2937 pater
547 2894 592 2923 cum
608 2887 673 2923 matio
689 2885 758 2922 nostra
781 2883 887 2936 tribusque
902 2883 947 2926 siliis
966 2886 1072 2938 ingressus
1119 2869 1123 2894 ἦ

115 2954 135 2993 in
151 2952 219 2993 locum
232 2951 267 2992 ubi
284 2955 328 2991 erat
337 2950 416 3004 Petrus,
432 2964 477 2993 cum
493 2953 607 3007 salutasset,
621 2952 679 3005 sedit,
695 2950 768 2992 deinde
779 2964 817 2994 nos
829 2964 918 3007 quoque,
933 2955 966 2995 iilo
978 2957 1070 3009 jubente.

148 3050 164 3085 1.
190 3043 251 3099 ‘inape
266 3059 304 3086 var,
319 3048 361 3084 leot.
377 3047 394 3084 in
409 3047 455 3095 Epit.
608 3046 684 3088 ε’θέλαν
699 3048 737 3096 leg.
753 3055 816 3087 censet
830 3050 849 3087 S.

146 3110 165 3146 2.
197 3106 221 3143 lta
239 3106 252 3143 0
271 3105 360 3155 o.Epit.‚
376 3101 415 3156 πρό
433 3107 452 3143 C.
637 3110 655 3146 5.
686 3103 736 3145 εἶναι
751 3120 768 3156 p.
784 3104 818 3147 τὸν
833 3102 896 3157 μάγον
911 3101 959 3146 ὄντα
974 3108 995 3145 0.

147 3166 164 3201 3.
196 3159 232 3213 ἐγώ
249 3165 317 3203 excidit
332 3176 360 3213 ap.
376 3165 397 3201 Gi
413 3168 430 3200 et
445 3164 463 3201 S.
638 3170 655 3203 6,
687 3160 752 3208 ὠςάν
769 3167 789 3206 G.

147 3223 165 3259 4,
196 3223 221 3259 lta
238 3222 278 3261 Oc.
287 3222 343 3273 Epit,
360 3217 479 3273 ἐποιησάμην
489 3224 507 3261 G.
524 3224 581 3271 Supnu
636 3228 654 3262 7.
684 3221 749 3274 χαρᾶς
763 3219 901 3277 πληρωθέντες
917 3223 937 3261 ΟΔ
