2276 3612
135 240 156 293 n,
173 242 266 281 osmer.
601 236 630 282 68

137 353 266 415 σάββατον.
296 352 330 396 καί
346 347 401 407 πρὸς
416 351 500 398 τοῦτον
516 347 528 395 ὁ
544 353 632 410 Πέτρος
648 349 797 408 α’κιεκρίνατο·
815 350 865 407 λε’γε
882 351 980 408 ΣίμωνιΙ
1002 352 1050 396 ἐπεὶ
1066 367 1099 395 τε·

137 425 200 476 λείως
215 423 316 476 θὲλειςῑ,
331 416 389 479 μετεί
406 423 448 467 τοῦ
462 419 593 479 νιναίσκειν,
615 421 649 469 ὅτι
667 441 701 469 σοι
721 418 796 478 ἡμεῖς,
816 417 855 466 ὅτε
878 419 973 478 βούλει,
997 423 1102 478 θεοφιλεῖ

136 496 233 553 προνοίᾳ
249 492 355 538 dococto
369 492 466 549 ἑτοίμως
486 494 576 552 ἔχομεν.
612 494 650 538 καί
672 491 684 537 ὁ
704 493 748 549 μὲν
770 491 884 550 Ζακχαῖος
904 495 979 538 ταντα
1001 488 1101 542 οἰκούσας

105 623 106 627 ¹
136 559 282 624 οίντιβοίλλειν
297 561 354 620 ἐξῄει
370 556 413 617 τὴν
429 556 559 620 οίπόκρισιν.

193 632 279 678 XXXVI.
307 627 338 676 Ὁ
359 631 382 676 (λε
404 629 459 677 tude
478 650 507 688 με
522 629 669 692 ὀίθομούντα
690 631 726 676 καί
745 629 788 686 τήν
809 631 886 677 αἰτίαν
908 630 1045 691 πυθόμενος
1063 632 1099 677 καί

110 718 119 750 t
136 701 220 763 μαθων
237 700 289 759 παρ’
304 702 365 758 ἐμοῦ
380 699 422 748 οὐκ
438 699 540 758 σ’ίλλοθὲν
557 710 633 750 ποθεν
649 697 735 754 οὖσαν,
755 698 831 756 ridet
851 703 891 759 τῆς
907 698 964 748 κακοί
977 700 1020 761 τήν
1036 702 1101 761 ζήτη-

137 792 172 821 σιν
187 769 315 829 ἀναβολῆς,
331 774 384 829 ἔφη·
406 766 484 831 α’γαθῇ
501 774 569 818 (decrit
579 773 674 832 προνοίᾳ
690 770 720 816 6²
740 769 882 830 προειληφώς
901 773 1036 820 διοικεῖσθαι
1060 768 1101 818 τόν

134 842 232 900 κόσμον,
252 838 267 885 ὦ
289 842 339 898 φίλε
355 839 469 899 Κλήμης,
494 839 564 893 αὐτὸς
585 840 627 888 οὐκ
644 840 738 902 α’ίχθεται
755 842 791 886 ἐπὶ
807 851 855 895 τοῖς
871 838 1010 889 ὁποίοποτεό
1027 839 1100 888 οἷπαν-

133 916 187 960 ταῖσι
202 912 351 970 πράγμασιν,
368 908 512 963 duodecimos
528 912 563 958 ὅτι
578 910 624 958 ὑπὸ
641 914 681 970 τῆς
696 913 737 958 τοι]
752 912 881 969 κρείττονος
897 914 1031 971 οἰκονομίας
1043 930 1102 971 σομ-

135 983 245 1044 φερόντως
260 978 303 1039 τὴν
319 984 413 1038 ἔκβασιν
428 982 457 1028 τοὶ
473 979 618 1041 προίνματα4
634 980 758 1041 λαμβάνει·
775 979 834 1028 ὅθεν
850 984 938 1029 (λίκαιον
954 979 1026 1030 αὐτὸν
1042 984 1100 1029 εἶναι

110 1051 203 1113 ιοννοῦς
219 1053 255 1097 καί
270 1047 434 1109 εὐοανειὸήτας
448 1050 527 1111 βιούς,
548 1050 573 1097 τὸ
595 1050 758 1109 προοπίπκον5
781 1051 884 1110 λυπηρὸν
905 1054 967 1100 οἶδεν
989 1051 1051 1115 ὀρθῷ
1069 1054 1100 1113 τῷ

135 1125 235 1183 λογισμῷ
251 1121 422 1170 αἶποσείεσθαι6
437 1124 477 1181 τῆς
493 1123 578 1182 poprie,
593 1120 630 1168 ὅτι
645 1119 701 1180 πρὸς
716 1120 809 1181 dynami
830 1140 894 1173 τινος
910 1121 1027 1181 dyadema
1047 1142 1101 1171 σαν-

135 1191 276 1252 τελοιίμενον
294 1196 370 1239 ε’λθεῖν
385 1197 438 1253 ἔχει.
476 1193 512 1238 καί
529 1194 573 1238 ναν
589 1193 612 1237 dd
627 1194 669 1237 τον
684 1191 761 1250 μανον
777 1192 882 1248 Σίμωνος
898 1191 912 1251 ἦ
931 1195 971 1250 τῆς
992 1193 1100 1253 ζητήσεως

134 1262 258 1324 ὑπέρθεσις
273 1261 307 1321 μή
323 1283 347 1309 τε
363 1263 469 1309 λυπείτω
486 1266 538 1313 ἴσως
552 1259 597 1322 νοίρ
612 1267 635 1307 ἐκ
651 1264 691 1320 τῆς
705 1267 747 1308 τοι)
763 1264 825 1309 Θεοῦ
840 1263 950 1321 προνοίας
960 1261 1049 1321 εἷς-τήν
1059 1262 1101 1326 σήν

135 1337 227 1394 γέγονεν
243 1331 359 1390 ὠφέλειαν.
389 1329 422 1378 tto*
439 1330 467 1383 dr
483 1333 530 1391 ιἰλίρι
547 1352 582 1379 σοι
598 1331 664 1379 deofl
680 1331 719 1379 οὐκ
736 1329 822 1391 ὀκνήσω
837 1336 917 1394 λε’γειν.

111 1420 130 1455 15
194 1405 290 1450 XXXVII.
315 1405 366 1449 Τῶν
380 1400 494 1462 ἡμετέρων
510 1406 570 1454 τινὲς
584 1402 689 1461 ἑταῖροι8
704 1404 734 1461 τῷ
748 1405 835 1460 Σίμωνι
851 1406 1009 1462 προσποικτώς
1024 1403 1100 1451 ον’νει-

139 1493 185 1530 σιν,
201 1475 228 1526 οἷς
244 1476 378 1525 πεισθέντες
393 1474 421 1534 τῇ
439 1470 576 1532 οίθεωκοίτμ9
593 1471 666 1521 αὐτοῦ
680 1473 766 1534 πλάνῃ,
781 1472 841 1525 ὅπως
849 1476 1013 1533 μανθάνοντες
1029 1472 1100 1523 αὐτοῦ

140 1620 172 1664 dle
188 1617 272 1664 Simoni:
288 1616 369 1672 quando
385 1616 466 1660 demum
482 1618 550 1663 voles:
566 1623 586 1662 et
600 1618 664 1675 scias,
680 1629 718 1660 nos
733 1622 817 1673 paratos
833 1630 880 1662 esse
894 1619 947 1675 ubi„
961 1632 1007 1661 oum
1022 1619 1099 1662 volue-

139 1691 180 1746 rIs,.
193 1690 260 1732 divina
274 1688 403 1743 providentia
421 1702 539 1734 occurrere.
573 1689 674 1745 Equidem
689 1689 807 1733 Zacchaeus
822 1689 853 1732 his
870 1691 954 1748 auditu,
976 1703 1099 1746 responsum

138 1767 161 1805 ut
176 1761 243 1817 duret,
260 1771 358 1815 egressus
374 1765 412 1803 est.

114 1839 133 1874 tu
194 1830 281 1874 XXXVI.
312 1830 384 1873 Petrus
400 1844 451 1873 vero
466 1843 500 1874 me
514 1830 588 1874 videns
604 1830 692 1887 tristem,
714 1824 839 1886 causamque
859 1844 949 1889 rogans,
972 1845 1018 1875 cum
1040 1845 1100 1876 ame

137 1902 245 1958 audiisset,
259 1914 302 1944 non
317 1902 399 1944 aliunde
415 1907 480 1944 ortam
495 1914 556 1956 quam
573 1914 600 1944 ex
615 1901 758 1955 disputationis
774 1902 881 1957 dilatione,
901 1903 929 1945 ita
952 1903 1034 1946 locutus
1058 1909 1100 1947 est:

136 1977 170 2031 qui
186 1973 283 2016 mundum
302 1973 377 2029 optima
397 1973 435 2015 Dei
454 1974 583 2028 providentia
605 1972 717 2028 gubernari
739 1973 851 2029 existimat,
872 1974 937 2015 amice
957 1972 1062 2031 Clemens,
1082 1975 1100 2017 is

137 2058 179 2090 non
195 2057 259 2100 aegre
273 2044 313 2086 lert
335 2045 530 2100 quomodocumque
551 2045 681 2087 occurrentia
703 2046 799 2104 negotia,
822 2058 893 2087 secum
912 2050 1029 2103 reputans‚‘
1044 2045 1100 2100 quod

137 2130 175 2172 per
190 2116 282 2159 Numinis
301 2114 476 2168 dispensationem
499 2128 533 2157 res
552 2120 694 2169 congruenter
715 2115 791 2155 exitum
811 2117 935 2158 sortiuntur:
955 2118 1010 2158 unde
1032 2117 1100 2159 sciens

113 2187 204 2230 culleum
220 2199 266 2229 esse
278 2187 365 2242 justum,
386 2191 406 2228 et
421 2185 474 2227 bene
489 2185 527 2227 sibi
543 2186 640 2227 conscius
655 2184 739 2240 vivens,
762 2184 889 2227 accidentem
908 2186 1021 2228 molestiam
1042 2188 1100 2230 novit

138 2259 164 2301 ab
182 2258 248 2300 animo
264 2262 322 2299 recta
338 2258 419 2300 ratione
434 2257 534 2313 abjicere,
558 2258 655 2311 quonlam
671 2256 730 2298 eain
746 2254 787 2297 fine
802 2256 827 2297 ad
843 2256 925 2310 aliquod
944 2258 1020 2299 hotrum
1036 2257 1099 2312 igno-

139 2336 182 2372 tum
196 2330 310 2384 perveniet.
345 2328 371 2371 Et
386 2341 441 2370 nunc
456 2327 518 2382 igitur
534 2327 676 2382 disputationis
692 2339 738 2368 cum
754 2326 837 2369 Simone
858 2339 919 2382 mago
935 2327 1003 2370 dilatio
1019 2333 1039 2371 te
1057 2340 1100 2371 nou

139 2400 250 2444 contristet,
280 2399 382 2443 Fortassis
398 2400 451 2441 enim
467 2399 528 2441 allel
543 2388 673 2453 providentia
688 2398 709 2440 in
724 2403 779 2440 tuam
794 2397 900 2439 utilitatem
916 2398 1007 2453 contigit.
1038 2399 1099 2448 Quo-

139 2472 203 2526 circa,
218 2483 263 2512 cum
277 2470 325 2512 milri
340 2471 367 2513 sis
383 2471 460 2512 amicus
476 2470 594 2525 peculiaris,
611 2481 653 2511 non
669 2467 755 2511 tardabo
771 2468 806 2510 tihi
821 2480 906 2510 narrare
922 2467 980 2512 haec.

113 2557 133 2592 ρο
196 2540 292 2583 XXXVII.
312 2541 478 2597 Nostriquidam
494 2540 577 2584 sodales
593 2553 638 2582 cum
655 2539 738 2583 Simone
753 2543 862 2581 versantur
873 2539 972 2597 simulate,
988 2540 1047 2596 quasi
1057 2540 1098 2583 im-

138 2611 229 2667 piissimo
245 2611 296 2654 illins
312 2612 378 2655 errori
394 2612 530 2668 adhaereant,
546 2623 587 2666 quo
603 2611 655 2654 itlius
671 2610 763 2652 consiliis
778 2611 888 2664 compertis
909 2611 969 2655 nobIs
985 2624 1010 2654 ea
1026 2612 1099 2655 decla-

140 2715 183 2759 post
205 2713 277 2758 septem
297 2709 347 2747 dies«
365 2710 388 2759 (I,
405 2712 449 2758 20).
485 2709 529 2748 Loci
548 2719 605 2757 porro
660 2712 679 2746 2.
710 2702 858 2756 epraetermisit
873 2707 892 2746 S⁴

142 2768 216 2809 obscuri
232 2780 253 2806 ao
270 2767 347 2806 difficilis
363 2769 392 2807 luc
409 2772 463 2818 queat
479 2781 520 2807 esse
532 2779 606 2805 sensns:
660 2770 679 2806 3.
710 2762 767 2810 ὅπως
781 2780 829 2806 ποτε
845 2767 866 2805 Ο.

144 2829 256 2872 „hodiernos
272 2826 319 2864 euim
334 2828 373 2865 dies
389 2829 483 2866 sabbatum
505 2827 562 2876 ipsius
578 2825 608 2865 Si·
661 2828 680 2865 l.
710 2821 736 2864 τὰ
751 2839 784 2876 πρ.
802 2839 818 2864 κ.
834 2822 875 2879 dail.
892 2826 912 2866 G.

142 2888 253 2936 monisest,
276 2887 325 2935 quod
341 2886 417 2935 singulis
432 2886 533 2936 quibusque
549 2887 607 2923 unde·
662 2887 681 2923 5.
710 2884 883 2923 ltaDaeoedente
900 2885 922 2933 0,
938 2881 1052 2936 προπίπκον
1068 2886 1088 2925 (l.

144 2947 176 2984 eim
193 2947 257 2985 diebus
274 2944 370 2983 recurrito
408 2946 445 2984 Sed
467 2947 489 2984 de
508 2946 544 2983 isto
560 2945 608 2983 Sao·
662 2947 680 2982 o.
711 2944 738 2980 Ita
754 2942 769 2980 Ο
785 2955 801 2983 ο,
818 2945 843 2993 S,
859 2939 983 2983 ἁποσίεσθαι
999 2945 1018 2982 C.

144 3005 186 3043 hato
202 3004 308 3044 SimonIano
324 3003 394 3052 legisse
415 3016 443 3043 me
464 3005 552 3043 memoria
570 3014 607 3042 non
662 3005 681 3041 7.
709 3002 735 3039 lta
753 3001 766 3039 0
783 3014 799 3041 c.
814 3004 841 3049 D;
864 2998 920 3046 ἰδίως
935 2997 1007 3043 οἷόντε
1022 3004 1098 3055 conii),

145 3068 205 3103 teneo.
221 3065 240 3104 G.
631 3057 649 3096 Iu
664 3061 700 3108 cuj.
716 3065 767 3098 remu
782 3058 837 3106 ἰδίως
853 3056 922 3101 otium.

175 3125 192 3159 1.
222 3117 253 3162 εἰιὶ
268 3119 329 3170 τέλει,
346 3116 374 3166 uic
388 3119 456 3166 θέλεις
471 3123 551 3171 contu,
567 3118 608 3161 ἕνα·
661 3122 679 3159 Β.
711 3115 774 3172 ἕτερον
790 3120 811 3161 0.
877 3137 879 3140 <

145 3178 204 3227 τέλει,
226 3178 253 3226 ὡς
275 3179 343 3226 θέλεις
364 3182 413 3229 conj.
434 3181 470 3230 Gli,
495 3175 609 3224 detestande
661 3182 679 3217 9.
710 3174 817 3231 ἀθεωκοίιρ
836 3178 850 3215 O
866 3189 882 3219 τ.
898 3180 923 3228 S;
939 3177 1047 3232 ἀθεοκιίκῳ
1063 3183 1082 3222 G,

144 3236 210 3285 θίλεις
226 3241 247 3279 0.
