2276 3612
525 254 551 297 59
902 254 914 303 1,
931 256 964 293 23.
981 233 1015 296 aa.

59 368 145 418 codron
158 369 182 415 δὲ
197 371 240 417 τῶν
261 369 381 430 τριάκοντα
405 367 434 424 τῷ
448 362 562 426 Ἰονίοιο]1
581 369 666 426 πρῶτος
681 371 717 416 not
732 365 887 426 δοκιμώτατος
902 362 931 422 ἦν
947 367 959 413 ὁ
974 367 1016 413 Σί-

59 457 120 500 prmo,
140 436 164 489 ὃς
179 442 213 486 καί
229 443 272 487 τοῦ
285 437 317 500 μὴ
335 438 398 497 ίίρξαι
417 431 487 480 adada
502 433 559 492 γιετοί
576 435 617 493 τήν
636 436 740 497 τελευτήν
768 437 830 485 τοῦ2
850 431 959 482 'luidone
980 439 1016 481 αἰ-

60 511 112 556 τίαν
124 513 174 568 ἔσχε
188 509 283 568 ταύτην.
319 518 321 523 ’

116 579 186 626 XXIV,
212 576 405 636 Ἀποδιγιιοιίντος
423 571 466 631 γοίρ
482 570 553 618 ednod
568 578 598 623 εἰς
613 576 732 632 Αίγνπτον
746 578 782 622 ἐπὶ
799 573 841 635 τήν
860 575 901 633 τῆς
919 574 1016 632 γιαγείας

61 635 197 706 todennam,
211 651 254 695 cor]
268 644 378 692 Ἰοιοίννον
393 643 569 701 deceperimus,
589 641 715 693 Δοοίθεόςό
738 664 771 696 τις
786 650 828 705 τῆς
848 644 919 706 α’ρχιγς
938 643 1030 702 o’peyo'-5

60 737 145 777 γιενος,
161 719 267 765 θάνατον
283 713 353 761 οὗτοι]
368 715 440 771 panda}
456 715 615 771 καταγγείλας,
635 714 757 774 διαδέχεται
776 714 818 772 τὴν
834 722 928 774 αἵρεσιν.
967 713 1016 760 ὁδί

63 789 140 846 Σίγιιιιν
155 785 204 845 ,ποτ’
221 783 247 832 oti
262 782 320 830 πολιί
336 783 440 830 testudo
456 785 492 828 ναί
509 786 550 827 τοῦ
568 780 641 828 τόπον
655 783 683 833 τίς
698 785 756 829 ἰδίον
770 784 870 843 μεγαλοις
890 781 1017 845 α’νιεγόγιε-

61 876 112 911 νος,
130 859 160 916 τῷ
176 858 278 915 Δοσιθέῳ
295 851 409 914 ονντιιχιιίν
424 851 463 900 τὸν
477 856 522 909 ιιὲν
537 853 609 898 τόπον
625 852 666 898 ονίι
682 849 774 912 οίπῂτει,
794 851 856 905 εἰδώς
870 852 905 900 ὅτι
921 851 933 900 ὁ
950 854 1017 913 φθεί-

0 956 2 958 -
63 946 103 978 σας
126 928 166 982 τῆς
190 923 258 982 ἀρχῆς
282 921 344 980 merod
364 924 496 980 προαίρεσιν
517 918 546 969 ου’
567 930 715 980 ναθαιρεῑται.
752 918 786 967 διὸ
806 921 864 980 perd
888 942 1017 981 προσποιη-

62 999 103 1042 τοῦ
119 996 194 1053 φιλίας
210 992 244 1038 ἐπ’
263 990 340 1050 ὀλίγον
360 996 405 1050 ,mid
429 996 460 1041 εἰς
481 990 521 1038 τὸν
538 984 642 1049 dedecoro
661 992 709 1036 τού·
724 993 836 1037 Δοσιθέου
858 991 930 1038 τόπον
950 994 1041 1039 δίδοι-10

64 1084 100 1113 σιν
126 1063 215 1113 ἑαυτὸν.
260 1065 333 1121 ταγείς
355 1064 378 1109 δὲ
404 1063 453 1121 μετ’
478 1059 504 1108 ov'
525 1062 611 1118 πολλαὶς
634 1063 719 1120 ἡμέρας
738 1071 785 1111 τοῖς
809 1058 930 1118 τριάκοντα
956 1081 1016 1120 unpr-

62 1142 192 1196 μαθηταῖς,
207 1130 388 1191 ιίποδιαβιίλλειν
402 1132 483 1191 ν’]’ρξατο
497 1131 536 1180 τὸν
552 1134 677 1187 Δοσίθεον,
696 1131 724 1182 οἷς
737 1131 771 1191 pap*
789 1130 944 1188 παραδιδόντα
959 1151 1016 1198 γνη-4

65 1208 115 1255 σίας
130 1199 158 1249 τοί
174 1198 313 1260 μαθήματα.
352 1204 388 1247 καὶ
404 1205 473 1249 τοῦτο
489 1213 563 1248 ποιεῖν
578 1206 653 1260 ’ἔλεγεν
669 1198 739 1248 αὐτὸν
760 1199 802 1263 οὔχ
822 1197 850 1251 οἷς
872 1205 1017 1259 φθονοῦντα,

64 1272 110 1322 αλλ’
126 1270 173 1325 οἷςλ
188 1268 324 1329 α’γνοούντα.
353 1273 391 1317 ναί
407 1291 463 1318 ποτε
478 1271 490 1316 ὁ
505 1273 627 1324 Δοσίθεος,
641 1270 815 1326 ὐπαιοθίιιενος
830 1269 872 1329 τήν
886 1274 927 1317 τοὺ
938 1272 1017 1327 Etito-

64 1351 224 1404 νοςέντεχνον
238 1342 360 1400 διαβολήν,
375 1340 489 1388 idoneam
505 1340 577 1387 adcor}
592 1339 633 1398 τὴν
648 1337 704 1397 πρὸς
719 1338 772 1390 τοιίς
788 1337 1043 1396 πολλοιίςιίπόνοιαν,15

65 1419 104 1461 τοι]
119 1414 153 1473 μή
169 1410 238 1459 αὐτὸν
254 1413 312 1457 εἶναι
327 1413 431 1468 νογιίζειν
448 1409 489 1456 τὸν
504 1414 601 1465 domiuo,
621 1413 742 1468 deproperat
758 1408 800 1467 τὴν
817 1410 922 1468 συνήθη6
943 1429 1019 1468 παρα-

65 1483 188 1545 γενόμενος
201 1479 321 1540 διατριβὴν
337 1477 411 1541 ῥάβδῳ
427 1483 489 1526 παίει
504 1478 574 1538 εὖραίν
588 1477 629 1526 τὸν
644 1482 747 1538 Σίμωνα,
769 1477 784 1536 ιγ
801 1482 824 1525 δὲ
838 1478 913 1537 ὥσπερ
929 1482 1019 1526 conarer]

66 1601 141 1644 mensis
156 1611 238 1642 cursum
252 1597 339 1640 coniicit.
369 1599 433 1640 Porro
448 1598 522 1640 horum
538 1597 620 1652 triginta
635 1597 724 1639 Jobanni
739 1597 815 1652 primus
829 1608 853 1637 ac
864 1596 1020 1649 probatissimus

66 1679 110 1714 erat
125 1671 204 1715 Simon:
221 1670 256 1723 qui
272 1669 353 1722 quidem
370 1660 411 1723 quo
426 1670 493 1711 minus
510 1673 660 1723 postmortem
679 1667 779 1709 Johannis
794 1667 890 1721 princeps
906 1666 1020 1708 declaratus

66 1744 102 1797 sit,
115 1741 155 1782 boc
170 1741 191 1781 in
206 1750 268 1779 causa
283 1737 325 1779 init.
394 1742 396 1747 '
562 1738 563 1742 ’
1027 1742 1046 1773 νο

123 1810 192 1853 XXIV.
222 1809 272 1850 Nam
287 1809 331 1862 ipso
346 1820 435 1863 peregre
456 1809 476 1849 in
492 1807 610 1863 Aegyptum
631 1807 735 1862 profecto,
754 1809 839 1861 propter
857 1809 939 1861 magiae
955 1820 1020 1849 exer-

67 1881 194 1935 citationem,
214 1878 309 1919 Johanne
324 1879 404 1933 occiso,
425 1878 536 1920 Dosithens
551 1879 632 1932 qnidam
646 1879 772 1932 principatus
792 1873 901 1932 appetens,
924 1890 971 1918 cum
985 1878 1020 1931 ip-

67 1951 113 1995 sius
125 1950 212 1993 Simonis
227 1953 314 1990 mortem
329 1948 380 1989 falso
396 1948 546 2001 annunciasset,
562 1947 627 1989 factus
643 1953 675 1990 est
690 1953 759 1990 sectae
767 1958 883 1989 successor.
914 1945 941 1988 At
950 1946 1020 1990 Simon

68 2021 128 2074 paulo
144 2025 192 2074 post
207 2030 314 2074 reversus,
331 2023 351 2060 et
367 2030 413 2059 cum
428 2017 496 2058 locum
510 2023 612 2072 tamquam
634 2019 739 2072 proprium
759 2017 857 2059 affectans
880 2016 1021 2071 vehementer,

68 2097 139 2133 nactus
154 2089 274 2132 Dositbeum
288 2089 356 2130 locum
372 2087 452 2142 quidem
468 2100 510 2129 non
525 2089 614 2144 repetiit,
630 2089 708 2143 soiens,
728 2088 832 2130 hominem
848 2088 883 2142 qni
898 2092 970 2129 contra
985 2088 1045 2141 ip-ae

68 2162 110 2203 sius
125 2160 250 2202 voluntatem
266 2164 402 2213 occupaverat
416 2158 561 2213 principatum,
576 2170 619 2200 non
634 2158 750 2212 depositum
764 2158 795 2201 iri.
826 2157 894 2206 Quare
909 2157 1020 2211 persimu-

68 2230 128 2271 latam
144 2230 249 2271 amicitiam
264 2230 322 2271 brevi
343 2229 423 2283 quidem
445 2230 466 2271 in
485 2230 599 2272 secundum
617 2230 743 2273 aDositbeo
763 2231 832 2272 locum
853 2230 940 2284 irrepsit.
976 2230 1022 2272 Non

69 2301 143 2343 multos
159 2306 227 2342 autem
241 2304 287 2354 post
308 2300 361 2355 dies,
381 2301 433 2341 intra
458 2312 567 2342 numerurm
589 2300 671 2355 triginta
694 2300 882 2355 condiscipulorum
903 2300 1022 2356 collocatus,

69 2372 138 2425 coepit
151 2370 250 2427 Dositheo
266 2370 378 2425 derogare,
393 2376 496 2425 tamquam
512 2372 546 2426 qui
561 2384 603 2413 non
619 2384 717 2425 germane
733 2372 847 2414 doctrinam
858 2371 956 2416 traderet.
985 2372 1022 2414 ld-

71 2455 111 2495 que
127 2454 173 2484 eum
188 2442 294 2483 asserebat
309 2453 351 2482 non
366 2440 439 2482 invidia
455 2441 535 2497 facere,
550 2442 587 2484 sed
602 2443 713 2484 inscientia.
743 2433 889 2498 et'aiiquando
906 2442 1047 2497 Dositbens‚oo

71 2511 158 2554 Simonis
173 2510 301 2553 artificiosam
317 2512 408 2553 sentiens
423 2512 600 2567 obtrectationem,
616 2524 641 2553 eo
658 2512 787 2569 tendentem,
802 2518 825 2555 ut
841 2513 960 2556 aboleretur
974 2513 1021 2567 ptu-

71 2583 166 2624 rimorum
182 2582 261 2636 opinio,
281 2594 349 2636 neque
365 2582 448 2636 amptius
461 2582 506 2636 ipse
522 2588 628 2636 putaretur
646 2595 692 2625 esse
712 2583 784 2640 Stans,
809 2583 881 2627 furore
901 2589 1022 2636 commotus7

72 2664 117 2693 cum
133 2652 158 2694 ad
174 2652 263 2694 scholam
278 2652 338 2694 solito
354 2652 495 2701 convenisset,
514 2653 572 2706 virga
587 2652 690 2695 Simonem
704 2653 810 2695 inventum
825 2655 932 2696 verberat:
951 2658 971 2694 at
984 2665 1022 2706 per

103 2752 121 2786 1.
150 2747 178 2797 τῷ
190 2744 270 2798 Ἰωάννῃ
285 2759 320 2786 om.
337 2748 358 2787 Ο.
561 2759 625 2796 mone,
637 2759 712 2796 verens,
728 2761 751 2787 ne
767 2749 830 2799 opinio
846 2762 878 2787 sua
894 2751 1022 2787 obscuraretur

103 2812 123 2845 2.
152 2805 187 2844 coa]
203 2817 238 2843 om.
256 2806 277 2843 0.
561 2808 609 2856 apud
623 2807 716 2854 honnnes,
738 2808 824 2856 quicum
844 2810 941 2857 putabant,
963 2807 1022 2854 ipsum

104 2868 122 2902 3.
153 2857 535 2912 door‘bechconstantanAorot‘daocC.
561 2878 602 2902 esse
618 2866 717 2903 stantemr
758 2868 801 2904 Cum
822 2868 856 2905 bac
872 2865 1022 2914 interpretatione

73 2922 121 2968 idem
136 2922 213 2962 subinde
228 2937 258 2967 τις
273 2928 290 2960 ut
306 2923 363 2961 votuit
378 2925 401 2972 S,
416 2937 437 2962 τε
453 2924 472 2961 Ο.
560 2928 645 2962 oorrstare
659 2929 721 2972 potest
736 2926 792 2964 lectio
808 2928 889 2974 uulgata,
911 2925 966 2961 modo
989 2921 1023 2963 od·

103 2984 122 3020 t.
153 2979 180 3026 ὡς
195 2982 255 3020 addidi
272 2994 287 3019 c.
303 2981 324 3018 O.
560 2982 595 3020 ror]
610 2978 644 3032 τὴν
666 2988 744 3021 rrautetur
764 2985 782 3023 in
797 2981 832 3034 τὴν
847 2980 913 3022 αὐτοῦ.
951 2983 1022 3021 Eodem

105 3043 122 3078 5.
151 3041 201 3089 Lege
217 3036 311 3091 φύονται,
330 3051 389 3087 „quae
404 3041 427 3077 de
441 3039 472 3077 illo
488 3041 535 3088 apud
559 3052 613 3078 sensu
628 3037 757 3089 προοεκλίειν
771 3045 837 3092 iegitur
852 3043 902 3078 ttom.
918 3042 977 3089 ttt,2‚
994 3040 1023 3081 ἐκ·

75 3099 141 3135 muttos
162 3099 283 3148 suspicionem
304 3104 393 3137 crearet«
417 3100 439 3137 D.
479 3099 536 3135 ltutini
560 3096 611 3137 λίιιν
626 3100 681 3148 xvu,
698 3105 716 3138 o.
755 3102 801 3146 Qnid
823 3096 906 3139 ὑπόνοια
924 3101 1022 3151 significet,

75 3156 136 3193 versio
152 3158 244 3206 (Recogn.
256 3158 275 3206 ii,
286 3160 328 3205 11.)
344 3158 390 3195 baec
406 3162 443 3196 est:
461 3169 535 3201 „verum
559 3157 664 3205 intelligitur
680 3171 702 3196 ex
717 3171 768 3208 seqq.
784 3162 803 3198 S.

75 3214 182 3265 Dositbeus,
204 3218 234 3255 ubi
247 3217 288 3256 'sibi
302 3217 389 3263 derogari
407 3216 488 3266 sensita
505 3216 535 3253 Si·
588 3221 606 3255 6.
636 3213 741 3270 συνήθειαν
757 3218 777 3255 0.
