2276 3612
530 246 569 293 rat
897 244 927 299 lv,
944 253 977 288 ao.
994 248 1028 287 at.

68 362 145 426 ρύβων
161 368 197 412 καὶ
213 367 288 425 φόνων
303 369 338 414 καλ
354 365 453 424 ταραχῆς
468 362 559 422 ιτοὶσφς1
581 367 655 421 αἴτιος
668 362 683 424 ἦ
698 364 741 425 χεὶρ
756 359 796 410 οὐκ
812 367 836 408 ἐκ
850 362 953 420 μοιχειάς
969 362 1026 406 α’να-

65 433 175 484 abactam
190 439 248 496 βίον
263 437 414 496 naperpapot,
435 437 500 481 οἴκων
520 431 666 490 ἀναστάσεις,
687 446 792 493 μαχεῖαι,
814 433 891 485 ditor,
912 430 1026 491 dooptffl

62 506 99 553 καὶ
116 503 173 552 ἄλλα
182 510 256 554 τελεία
271 507 353 559 κακολςἸ

119 577 170 621 XXI-
198 574 264 625 'Attici
279 574 315 623 bd
331 577 366 631 τί,
387 576 470 636 φησίν,
493 573 505 619 ὁ
525 570 584 634 ἀνήρ
605 572 644 621 ida
666 575 737 635 α’χνσῂ
759 572 802 632 τήν
820 575 907 621 ducturi
928 582 1024 630 γυναῖκα

61 649 240 706 μοιχευομένην,
262 645 289 693 οὐ
305 649 378 704 ζηλοῖ,
401 643 428 693 ον’
444 647 576 703 avocatur.
596 642 624 691 ον’
642 649 750 704 θορυβεῖ,
772 646 800 691 οὐ
822 648 932 703 troirpei,¹
952 639 1023 691 οὕτως
1042 644 1052 676 5

61 713 102 762 oc'a
120 721 166 763 ἔστι
181 720 209 777 τῇ
226 715 290 775 φύσει
306 714 334 761 τολ
357 718 455 763 τοιαῦτα
474 712 543 770 κακά,
569 711 625 767 attat
647 712 662 771 ιλ
682 713 763 774 α’ὶλοχσς
778 714 908 771 ανθρώπων
934 709 1023 767 (λα’κιχσις

60 787 135 832 ταῦτα
151 789 277 834 ιλεινοιιοιεῑ.
314 783 354 843 dyo)
373 787 397 833 dd
412 787 482 845 φημι,
499 784 545 841 ὅτι,
566 783 609 832 κᾶν
630 781 664 843 μὴ
685 782 713 830 τοὶ
730 781 791 830 deinoi
808 785 878 830 audac
893 784 1022 844 σσμβαίνχ,

60 856 170 916 ἐνδέχεται
186 856 297 915 σννηθείᾳ
311 857 340 914 τῇ
356 853 412 914 πρὸς
427 853 467 902 τόν
482 856 563 916 μοιχὸν
578 853 645 913 ἢτόν
658 853 730 912 α’ἶνιῖρα
745 852 901 912 dubitaretur?
920 856 955 900 καὶ
967 871 1022 899 σνν-

61 928 168 972 οικσύοαν
189 926 363 984 darboniacum,
389 924 459 985 ἦτα
472 927 513 972 τοι]
534 921 617 984 abacia
636 917 701 980 'uduo
722 924 878 981 πειταρισμένα
901 926 931 982 τῷ
950 925 1022 983 μοιχῷ

59 1006 192 1056 παρασχεῖν·
209 997 246 1041 καὶ
263 994 439 1053 α’νιοιλημούντος
453 997 495 1041 τοι]
510 992 590 1053 σένιλρὸς
605 996 766 1054 συλλαβοῦσαν
781 995 861 1039 tutori
876 995 970 1051 μοιχοῦ,
984 989 1047 1036 drd10

59 1061 85 1111 ad
100 1066 211 1112 αἰδεῖσθαι
227 1063 268 1112 τὸν
283 1068 385 1126 ἔλεγχον,
400 1065 426 1113 τὸ
442 1063 499 1112 need
514 1062 612 1126 χαστρδς
628 1070 721 1123 φθεῖραι
737 1066 849 1121 θελῆσαι,
863 1065 900 1109 καὶ
914 1062 1021 1119 γενέσθαι

59 1135 206 1181 τεκνοκτόνον
212 1167 218 1190 ‚
233 1132 246 1194 ἢ
262 1136 298 1180 καὶ
314 1137 647 1195 φθείροντανσνμφθαρῆναν
675 1133 696 1180 εἰ
711 1135 734 1180 dd
750 1130 861 1193 σννόντος
880 1134 922 1178 τον
940 1127 1021 1188 debota

57 1209 79 1251 ἐκ
90 1205 173 1265 μοιχοὺ
185 1204 328 1265 συλλαβοῦσα
344 1207 410 1261 τέκοι,
425 1204 563 1264 οἷνατραφελς
577 1203 590 1252 o‘
605 1211 660 1255 ’σταῖς
674 1200 771 1262 τὸνμὲν
783 1205 870 1262 ιιατέρα
881 1201 965 1262 οἷχνοεῖ,
980 1198 1022 1247 τὸν

58 1276 80 1320 δὲ
96 1272 137 1320 οὐκ
152 1272 212 1321 ὄντα
223 1277 377 1335 νομίζει,“καὶ
393 1276 464 1328 οὕτως
480 1274 491 1322 ὁ
506 1272 540 1334 μὴ
556 1273 631 1334 πατὴρ
650 1277 759 1322 τελευτῶν
775 1270 883 1332 οἷλλστρίφ
899 1274 964 1319 παιδὶ
980 1269 1021 1317 τὸν

57 1346 139 1392 ἑαυτοῦ
154 1348 286 1393 καταλείπει
302 1347 363 1405 βίον.
398 1347 458 1394 πόσα
474 1349 497 1393 dd
513 1349 549 1392 καὶ
564 1345 622 1393 data
639 1345 695 1392 auaui
711 1350 734 1390 ἐκ
749 1348 789 1403 τῆς
804 1345 908 1404 μοιχείας
923 1344 1019 1401 φνοικώς
1027 1350 1046 1384 15

56 1413 197 1463 ἀνακύπτειν
209 1416 284 1474 7φιλεῖλ
299 1417 335 1463 καὶ
353 1415 397 1464 οὐκ,
407 1418 473 1479 ἴσμεν
489 1414 516 1462 τοὶ
533 1418 616 1476 κρύφια
632 1418 675 1463 ταῖν
691 1417 772 1462 κακῶν.
794 1414 868 1472 ὥσπερ
881 1411 924 1472 χσῖρ
939 1412 951 1459 ὀ
967 1417 1020 1460 tao-

56 1488 99 1533 σών
114 1486 174 1532 κύων
190 1483 283 1537 τοίκονς
299 1481 630 1547 dretpatuiuruep'daducium
645 1487 684 1543 τῆς
699 1483 857 1542 ἀφανεστάτης
875 1481 960 1541 λύσσης
976 1502 1020 1542 με·

55 1553 179 1610 ταιλιλοιλςκ.
190 1556 266 1603 οὕτα5
288 1559 323 1602 καλ
339 1559 380 1614 τῆς
395 1558 497 1618 μοιχείας
512 1554 537 1603 τὸ
554 1556 649 1615 κρύφιον
664 1554 746 1610 κακὸν,
773 1552 817 1600 κοῖν
833 1550 957 1611 α’χνοῆται,
977 1555 1019 1611 τῆς

55 1627 158 1688 ιλιαιλοχῇς
174 1627 216 1686 τήν
233 1625 332 1687 ἑκκσιιήν
348 1628 495 1686 ἐξερχολζεται.

54 1774 86 1812 tus
104 1769 230 1825 producunt,
254 1774 275 1811 et
295 1768 415 1824 homicidia,
440 1781 563 1824 omnemque
587 1769 782 1811 conturbationem?
819 1768 894 1811 Nonne
916 1769 970 1811 enim
990 1779 1043 1815 exat

55 1840 156 1882 adulterio
172 1841 266 1883 oriuntur
281 1840 368 1882 festinae
384 1844 470 1894 mortes,
486 1839 606 1882 familiarum
622 1840 799 1895 perturbationes,
814 1840 908 1896 magiae,
924 1839 1014 1897 fraudes,

54 1910 170 1966 angustiae,
187 1916 207 1952 et
222 1911 280 1965 plura
295 1909 333 1951 alia
348 1909 417 1951 mala?
638 1899 640 1901 ’

106 1980 162 2022 XXI.
192 1980 233 2023 Sed
249 1992 295 2035 cur,
311 1980 386 2036 inquit,
402 1981 434 2023 vir
450 1980 467 2022 si
482 1980 566 2035 ignorat
581 1992 668 2023 uxorem
688 1992 745 2023 suam
761 1979 890 2034 adulterare,
911 1981 1012 2036 zelotypia

52 2062 94 2093 non
110 2050 202 2107 effertur,
218 2064 261 2093 non
275 2052 381 2108 irascitur,
397 2064 440 2094 non
455 2052 599 2108 tumultuatur,
615 2063 658 2093 non
672 2051 726 2093 bella
742 2050 800 2093 ciet?
830 2050 901 2105 Itaque
916 2052 955 2094 ista
970 2064 1013 2094 non

51 2126 98 2164 sunt
113 2127 186 2164 natura
201 2122 264 2178 mala,
280 2134 353 2164 verum
368 2124 437 2178 iniqua
453 2122 558 2165 hominum
575 2122 643 2177 opinio
661 2122 732 2177 gravia
748 2134 773 2163 ea
788 2121 843 2163 iacit.
879 2122 924 2177 Ego
946 2128 1040 2165 antemna

52 2193 95 2243 aio,
112 2192 179 2249 quod,
195 2192 287 2247 quamvis
302 2193 335 2236 illa
350 2206 392 2236 non
408 2193 502 2236 accidant
517 2192 656 2247 incommoda,
672 2205 699 2234 ex
714 2192 865 2236 cousuetudine
885 2206 931 2235 cum
953 2193 1013 2235 adul-

51 2267 96 2304 tero
112 2263 145 2318 fit,
160 2268 182 2305 ut
195 2264 228 2306 vel
243 2264 329 2307 maritus
345 2264 464 2319 deseratur,
480 2265 514 2307 vei
530 2270 551 2307 et
565 2278 619 2307 uxor
633 2263 716 2306 insidias
732 2269 808 2319 struat,
826 2264 860 2305 vel
879 2264 952 2305 labore
974 2264 1013 2305 viri

50 2337 108 2386 parta
124 2333 212 2376 moecho
226 2334 335 2388 praebeat;
351 2340 415 2390 utque
429 2347 519 2389 peregre
534 2335 629 2389 proiecto
646 2335 748 2390 conjuge,
765 2347 811 2376 cum
826 2334 859 2376 iiia
876 2347 902 2376 ex
918 2334 1012 2376 adultero

52 2405 180 2460 conceperit,
199 2410 255 2447 metu
269 2404 438 2458 reprehensionis
454 2406 507 2447 uteri
522 2405 599 2448 foetum
615 2406 691 2447 nitatur
705 2405 835 2459 labefacere,
850 2404 926 2459 fiatque
942 2404 1012 2446 infan-

51 2474 117 2529 ticida,
133 2475 178 2530 vel,
189 2475 235 2517 dum
251 2476 324 2532 perdit,
338 2476 382 2530 ipsa
398 2476 457 2519 simui
472 2481 550 2529 pereat.
580 2475 682 2532 Quodsi,
699 2488 744 2517 curn
761 2488 785 2517 aa
801 2480 897 2517 manente
913 2475 970 2530 viro,
986 2483 1038 2516 exau

50 2545 138 2588 moecho
154 2547 272 2601 concipiens
288 2547 351 2601 parit,
368 2547 466 2589 educatus
482 2559 534 2601 puer
550 2553 629 2602 patrem
643 2548 718 2604 nescit,
741 2559 788 2589 eum
803 2559 855 2589 vero
872 2547 964 2601 quinon
981 2552 1012 2588 est

51 2628 97 2657 esse
111 2622 179 2670 putat3
195 2618 265 2671 sicque
280 2617 381 2673 moriens,
398 2618 432 2671 qui
447 2622 506 2670 pater
522 2630 565 2660 non
582 2623 623 2674 est,
647 2617 714 2659 alieno
731 2617 772 2660 idio
789 2618 844 2660 bona
860 2629 898 2660 sua
916 2617 1011 2668 deretin-

51 2689 98 2741 quit.
133 2687 212 2736 Quanta
230 2692 297 2729 autem
319 2693 339 2729 et
354 2689 392 2730 alia
408 2688 460 2730 mala
476 2701 503 2730 ex
522 2690 615 2731 adulterii
637 2693 710 2730 natura
733 2689 783 2730 oriri
806 2689 883 2731 solanti
904 2688 1011 2732 Nescimus

50 2763 117 2800 tamen
133 2759 232 2800 malorum
255 2758 342 2801 occulta.
378 2759 554 2808 Quemadmodum
576 2760 629 2801 enirn
653 2759 748 2801 rabiosus
770 2760 839 2815 canis,
865 2772 918 2815 quibs
939 2760 1008 2814 tangit,

48 2830 154 2886 interimit,
171 2829 327 2872 occultissimam
341 2831 419 2873 rabiem
435 2833 597 2888 conrmunicans,
614 2833 640 2872 ita
658 2835 678 2872 et
694 2830 789 2873 adulterii
805 2832 946 2874 absconditum
962 2831 1035 2872 ura-³5

49 2899 100 2956 ium,
117 2901 155 2943 etsi
170 2901 287 2956 ignoretur,
300 2902 428 2953 posteritatis
444 2908 543 2955 procurat
559 2902 703 2946 exscisionem.

79 3105 96 3142 1.
128 3097 193 3153 ιιιλσιχς
208 3098 300 3154 ταραχῆς
316 3100 335 3140 [λ
538 3103 581 3144 leot.
597 3115 626 3153 ap.
643 3104 656 3142 C
676 3109 720 3155 post
742 3093 864 3159 ιιεριχριιφιιλ
886 3100 929 3144 artd.
947 3102 1006 3147 attam

78 3167 97 3201 2.
127 3162 174 3200 Vbb.
197 3156 257 3201 οἴκων
276 3156 406 3210 ἀναστάσεις,
427 3165 513 3214 μαχεῑαι,
539 3161 670 3211 καιαλνσεις,
684 3163 775 3216 papatu,
791 3161 856 3210 attat,
872 3160 964 3218 ιλασριίιι,

48 3217 117 3268 δόλοι,
141 3216 225 3273 ἀπορίαι
244 3225 363 3259 accesserunt
386 3233 409 3259 en
425 3223 451 3271 0,
475 3234 514 3262 vor.
568 3226 587 3264 3,
617 3217 682 3267 οὕτως
698 3225 717 3264 (i.

767 3296 802 3341 gd<
