2276 3612
557 227 599 271 ato
906 231 961 281 Χῖα,
978 233 1010 270 te.
1028 233 1060 269 ιτ.

94 344 191 403 δυνηθῇ.
232 341 329 401 σίσαριιον
343 341 386 403 γαρ
402 342 504 398 δύναμιν
510 378 516 397 ,
540 340 569 391 oc’
584 341 658 400 μόνον
673 347 731 397 clod,
748 341 813 390 αλλ’1
830 336 879 388 ov’d’
895 338 990 401 dyyttoc
1006 344 1060 389 ἰδεῖν

94 433 128 465 τις
144 411 245 459 δύναται.
275 418 294 459 εἰ
310 417 332 461 δὲ
350 416 386 474 ἴδῃ
402 432 435 464 τις
452 410 572 466 ὀπτασίαν,
588 419 658 461 πανοῦ
674 417 783 472 δαίμονος
799 413 889 471 ταύτην
904 414 962 459 εἶναι
974 415 1059 459 νοείτω.

152 483 211 529 XVII.
243 483 309 542 Πλὴν
324 482 359 530 ὅτι
374 485 411 530 ταί
427 479 518 541 οἷσεβεῖς
534 484 639 543 ὁράματα
660 488 697 531 ναὶ
712 481 807 532 ἐντ’πνια
824 484 904 543 οἲληθὴ
925 485 1059 543 βλέπουσιν,

94 554 161 615 δῆλὸν
177 559 248 610 ἐστιν,
272 557 307 601 ναὶ
323 553 437 613 ἐγγράφως
452 553 568 609 οἷπσδεῖξαι
583 553 691 615 διἰναριαι.
730 557 799 613 πέρας
819 559 878 613 γοῦν
903 560 927 601 ἐν
952 557 981 612 ep]
997 554 1059 612 νόμω

93 628 229 686 γέγραπται,
245 625 272 677 οἷς
289 624 448 687 ὁἈβιριέλεχ,
465 621 548 683 οἷσεβιλς
562 624 601 681 σίν,
617 623 658 685 τήν
674 626 716 672 τοὺ
733 625 820 671 διιαίον
835 621 945 685 Ἀβραοίιι
961 634 1077 684 parniaco

93 699 130 742 ἐπί
145 699 248 757 κοινωνία
263 700 345 756 ριιοῖναι
362 696 474 753 θελήσας,
497 694 578 753 ἧισνσε
592 696 654 755 παραὶ
671 699 714 745 τοὺ
730 696 792 741 (decu
813 692 865 742 καθ’
885 695 977 750 δπνον,
999 692 1027 746 τίς
1043 692 1057 751 α’

94 764 170 825 γραφή
185 769 255 826 λέγει,
270 763 304 824 ,ed
320 768 410 825 depeta²
426 764 510 823 αὐτῆς,
527 765 561 811 ὅτι
578 767 642 825 οἷνδρί
661 763 796 828 σννῳααανῑοί
814 770 882 812 ἐστιν.
914 766 971 814 α’λλοί
992 769 1027 812 ναὶ
1046 762 1057 811 ὁ

96 834 189 894 Φαραοί,
205 833 288 895 οίαεβὴς
304 836 372 895 dedo,
388 835 483 896 ἐαίρατεν
498 834 587 894 ὄνειρον
602 839 654 894 περί
669 856 692 882 τε
715 840 792 894 πορών
814 834 920 895 εδφορίας
941 840 976 883 καί
999 834 1058 894 νίφο-

94 909 154 966 ρίας,
170 910 184 965 pl
201 906 230 954 οὗ
246 904 327 965 Ἰωσὴφ
343 907 441 954 ἐπιλύων
457 903 519 964 παρα
536 905 599 951 Θεοῦ
615 913 657 965 ἔφη
673 905 713 953 τὸν
728 905 816 964 ὅνειρσν
826 910 971 965 γεγενὴοθαι.
1005 909 1056 953 Να-

92 976 257 1039 βοαχοδονόσορ
273 980 307 1032 δὲ,
323 970 334 1024 o‘
350 979 427 1024 εἴδωλα
446 981 532 1038 σέβων,
547 981 582 1025 ναὶ
598 977 653 1031 τούς
670 975 731 1024 Θεὸν
749 979 861 1034 σέβοντας
873 982 905 1029 εἰς
920 982 966 1037 παρ
983 977 1083 1024 ταλαί-10

95 1068 135 1101 σας
149 1051 277 1108 βληθῆναι,
294 1046 382 1106 ὄνειρον
398 1047 451 1096 ὅλον
468 1048 556 1106 alebaece
573 1050 654 1100 αἰῶνος
670 1045 719 1107 opp.
750 1047 786 1092 ααί
802 1046 836 1103 μὴ
852 1048 931 1106 λεγέτω
948 1063 993 1099 τις
1010 1046 1057 1094 c'tt'

92 1119 168 1177 ὅραμα
185 1115 324 1177 ἐγρηγοροίςδ
339 1115 411 1171 οὐδεὶς
427 1119 516 1178 α’σεβοίν
536 1124 622 1177 θεωρεῖ.
658 1115 742 1176 ψενδὸς
764 1122 835 1163 ἐστιν.
876 1115 946 1168 αὐτὸς
965 1120 1023 1174 γοῦν
1045 1117 1057 1163 ὁ

92 1189 300 1249 Ναβονχσδονδσσρ
316 1199 372 1247 τρεῖς
388 1187 471 1247 dadone
487 1186 595 1241 αελειίσας
610 1191 730 1249 βληθῆναι
746 1193 778 1240 εἰς
794 1192 854 1246 παρ,
877 1187 956 1235 ἐνιδων
973 1191 1000 1249 τῇ
1016 1209 1057 1235 αα-

92 1260 150 1320 pipp
165 1251 289 1318 τέταρτον5
305 1264 357 1316 ἔφη·
374 1256 414 1304 τὸν
429 1261 537 1316 τέταρτον
553 1256 596 1317 ripe}
612 1255 639 1308 dc
655 1255 705 1305 νίδν
721 1261 788 1305 θεοωῖ
819 1260 855 1304 ναί
872 1259 932 1316 ὅμως
944 1260 1056 1310 ὀπτασίας

92 1349 117 1376 τε
132 1331 169 1375 καὶ
184 1327 288 1387 ὁράματα
305 1331 341 1374 ned
358 1327 454 1375 ἐνύπνια
471 1327 564 1386 ὁρωντες
581 1325 664 1387 α’ληθῆ,
680 1328 770 1387 οἲσεβεῖς
781 1326 848 1385 ἦσαν.
879 1328 949 1382 οὕτως
959 1327 1082 1376 odada-15

93 1418 134 1451 τως
149 1404 172 1445 εἰι
187 1401 229 1447 τοὺ
244 1398 299 1458 ὀροῖν
314 1396 365 1446 τινιί
382 1398 486 1457 ὁράματα
502 1400 539 1444 καί
556 1397 652 1444 ἐνύπνια
670 1401 704 1444 ναὶ
721 1396 832 1449 ὀπτασίας
854 1399 948 1452 παντως
963 1396 1056 1458 εὐσεβὴς

92 1476 160 1517 ἐστιν.
194 1473 224 1529 τῷ
238 1467 281 1529 γαρ
296 1466 385 1527 εὐσεβεῖ
405 1470 497 1529 ἒιιφύτῳ
519 1470 554 1513 καί
571 1472 665 1527 καθαραί
686 1466 812 1524 ἀναβλύζει
827 1472 856 1529 τῷ
873 1472 904 1528 νβ
920 1466 945 1515 τὸ
962 1471 1056 1529 οἲληθὲς,

93 1539 133 1588 οὖν
148 1538 224 1600 ὀνείρῳ
235 1539 426 1598 ,σπουδαζόμενον
434 1540 451 1593 ⁶,
468 1538 524 1588 οἷλλοί
541 1541 628 1586 σωνὲσει
645 1537 742 1598 ἀγαθοῖς
758 1540 886 1597 διδόμενον.

92 1696 134 1726 non
149 1683 214 1725 solum
229 1683 280 1738 Filii,
297 1682 333 1725 sed
349 1695 389 1723 nec
404 1680 478 1737 Angeli
493 1694 553 1724 nemo
569 1685 638 1735 potest
653 1691 747 1722 eernere.
779 1678 813 1723 Sin
830 1693 881 1723 vero
898 1681 1008 1724 nonnullus
1023 1682 1053 1723 vi-

91 1755 170 1796 sionem
186 1754 328 1807 conspexerit,
344 1752 390 1793 mali
404 1752 516 1794 Daemonis
531 1764 576 1793 eam
592 1762 638 1792 esse
653 1750 758 1804 intelligat.
1061 1766 1080 1798 20

148 1823 206 1867 XVll.
237 1823 345 1866 Caeterum
361 1828 380 1864 et
394 1823 418 1864 ab
434 1824 498 1877 impiis
514 1823 558 1864 vise
573 1828 593 1864 et
607 1821 706 1863 insomnia
728 1834 777 1862 vere
800 1823 902 1878 conspici,
925 1823 1055 1865 nranilestum

92 1899 131 1948 est,
148 1899 209 1948 atqne
225 1907 252 1936 ex
267 1893 376 1947 Scripturis
392 1905 475 1946 possum
493 1893 642 1934 demonstrare.
682 1892 777 1946 Denique
799 1893 820 1932 in
840 1893 887 1948 lege
903 1896 1000 1948 scriptum
1018 1900 1054 1950 est,

91 1964 261 2019 qrremadmodum
277 1963 350 2017 impius
365 1961 521 2019 Abimelechus,
541 1975 585 2004 cum
599 1963 650 2017 Justi
664 1957 776 2003 Abrahanri
795 1975 881 2005 uxorem
899 1966 971 2006 vitiare
987 1977 1054 2017 oupe-

90 2041 133 2090 ret,
149 2047 160 2076 a
175 2034 220 2076 Deo
237 2034 323 2076 audierit
340 2034 360 2074 in
377 2045 450 2074 somno
468 2031 528 2089 [siout
551 2033 578 2074 ait
599 2030 720 2088 Scriptura),
738 2034 770 2073 'ne
791 2033 844 2074 illem
866 2039 973 2092 tangeret,
998 2038 1053 2091 quod

90 2106 217 2148 cohabitaret
232 2118 277 2147 cum
293 2106 345 2146 viro.
377 2103 417 2146 Sed
434 2110 454 2146 et.
469 2105 557 2161 Pharao,
581 2104 643 2146 homo
664 2105 748 2159 impius,
769 2107 872 2147 somnium
895 2107 943 2149 vidit
964 2108 989 2149 de
1005 2108 1079 2150 λιιι-25

90 2179 151 2219 menti
167 2176 289 2219 abundantia
305 2181 325 2218 et
340 2176 458 2233 sterilitate,
475 2177 507 2218 cui
523 2189 568 2218 cum
584 2176 662 2229 loseph
678 2176 802 2230 explicaret,
823 2176 895 2219 eDeo
912 2179 999 2220 asseruit
1014 2192 1054 2221 ve-

91 2248 146 2290 nisse
168 2249 275 2291 somnium.
311 2246 506 2290 Nabuchodonosor
527 2253 606 2303 autem,
627 2248 729 2290 idolorum
750 2248 828 2303 cultor,
849 2250 925 2303 quique
946 2251 1008 2305 jussit
1033 2256 1055 2292 ut

90 2319 128 2361 Dei
142 2319 233 2363 cultores
248 2320 377 2361 mitterentur
392 2318 505 2376 inignem,
526 2321 628 2362 somnium
649 2320 708 2375 vidit,
733 2319 788 2373 quod
812 2321 901 2361 onmium
922 2322 1053 2363 saeculorum

90 2390 236 2445 longitudinem
252 2391 433 2445 complectebatur.
470 2392 513 2434 Nee
538 2393 591 2434 dieat
606 2392 688 2447 aliquis:
710 2397 730 2434 at
750 2392 817 2433 nullus
837 2393 910 2447 impius
930 2395 996 2436 visum
1016 2409 1053 2450 per

89 2462 177 2516 vigiliam
193 2462 263 2504 cernit.
294 2462 374 2505 Falsum
393 2468 431 2506 est.
466 2464 512 2518 lpse
537 2469 593 2506 certe
611 2463 815 2519 Nabuchodonosor,
840 2466 874 2518 qui
895 2467 986 2520 jusserat
1010 2472 1077 2509 tresao

90 2533 144 2575 viros
159 2533 179 2574 in
195 2533 264 2588 ignem
280 2534 329 2576 mitti
335 2568 340 2590 ,
357 2547 403 2575 eum
418 2535 438 2576 in
454 2535 540 2578 fornace
557 2540 650 2590 quartum
665 2535 791 2591 intueretur,
814 2536 850 2577 ait:
875 2542 969 2591 quantum
985 2537 1051 2593 video,

89 2604 145 2646 velut
159 2603 229 2644 Filium
244 2604 288 2646 Dei.
318 2604 343 2645 Et
358 2610 425 2646 tamen
442 2607 475 2660 qui
491 2598 587 2649 visiones
599 2610 619 2647 et
634 2606 751 2659 spectacula
777 2610 796 2646 et
816 2606 917 2648 insomnia
934 2620 1051 2661 conspexe-

89 2679 136 2715 runt
151 2686 211 2731 vera,
227 2675 281 2728 impii
297 2681 360 2717 erant.
396 2676 429 2719 Sic
450 2689 491 2719 uon
508 2678 574 2719 statim
595 2689 621 2718 ex
643 2688 679 2731 eo,
702 2675 756 2729 quod
774 2677 818 2730 qrris
835 2683 907 2720 cernat
922 2679 965 2720 visa
982 2684 1002 2720 et
1016 2678 1049 2718 in-

90 2745 177 2800 somnia,
195 2730 278 2785 omnino
294 2745 339 2798 pius
356 2751 392 2788 est.
421 2747 472 2789 Nam
487 2748 521 2800 pio
537 2749 557 2788 in
573 2751 640 2788 mente
655 2746 723 2787 innata
740 2751 760 2787 et
771 2758 823 2799 pura
833 2754 898 2790 scatet
910 2753 992 2803 veritae,
1008 2760 1050 2790 non

90 2828 143 2870 quae
158 2828 195 2870 per
210 2827 304 2858 somnum
320 2815 435 2875 affectatur,
452 2818 489 2862 sed
505 2832 559 2873 quae
574 2830 612 2874 per
627 2817 782 2870 intelligentiam
799 2818 858 2861 bonis
875 2819 998 2861 conceditur.
1057 2828 1076 2861 35

120 2940 136 2975 l.
167 2932 211 2976 ἀλλ’
229 2937 269 2975 add.
287 2935 335 2974 σθ.
366 2938 393 2975 Ex
409 2941 474 2978 eodem
491 2952 556 2978 acces·
610 2941 628 2975 4.
660 2934 766 2991 ἕγροῃιορὸν
782 2939 803 2977 0.

89 2996 113 3035 sit
128 2992 180 3035 ἰδεῖν.
610 2998 628 3033 5.
659 2997 716 3034 ltaO
737 3003 755 3036 et
771 3011 827 3047 marg.
852 3000 882 3047 ui,
906 2999 935 3047 qui
957 2999 976 3036 iu
997 3005 1048 3039 textu

119 3058 138 3092 2.
167 3056 194 3092 lta
210 3055 232 3103 S,
248 3054 278 3103 qui
295 3053 367 3092 confert
377 3056 467 3095 Schoeler
477 3057 555 3106 (ἕτερον,
581 3055 620 3092 enh.
636 3052 794 3108 τεταρταίαατον.

89 3113 171 3152 Corinth.
190 3116 242 3160 990,
257 3109 319 3165 θίγειν
336 3112 349 3149 G
366 3113 387 3151 Ο,
611 3117 630 3152 6.
659 3112 822 3164 σπουδαζόμενον
846 3115 860 3152 0
881 3127 896 3152 o.
913 3116 938 3163 D,
961 3119 1048 3157 σπανδα·

119 3176 138 3210 3.
169 3167 266 3222 εὐφημίας
282 3165 315 3211 καί
332 3165 341 3209 δ
360 3167 510 3228 &noioeane
523 3169 556 3213 nod
581 3168 653 3221 ζόμενα
670 3174 689 3214 G.

90 3225 179 3284 ἀφορίας
195 3223 210 3279 ὦ
225 3225 234 3268 ὁ
252 3230 272 3268 0,
679 3251 680 3254 =
