2276 3612
98 232 127 285 n,
148 235 210 273 ι-ε,
557 229 599 273 τοο

96 347 173 406 λόγον.
217 350 253 394 ani
279 341 356 402 ἒπειιλιγ
384 340 465 390 λοιπόν
485 343 558 403 apadno
579 345 690 405 ἐγεγόνει,
715 355 759 396 τοῖς
780 341 855 405 όγλοις
877 345 989 391 εἰσελθεῖν
1010 345 1062 390 ἕπε’-

97 430 187 477 τρεψεν.
217 415 361 468 εἰσελθόντος
382 417 406 463 dd
425 415 466 460 cod
483 414 551 478 όγλοα
570 419 674 465 πολλσό1
696 413 799 474 ceaddae
819 414 1005 474 προσαγορεύσας
1024 415 1062 459 λε’-

98 506 146 547 γειν
162 487 260 545 ιγρξατσ..

156 558 179 601 ll.
207 551 305 615 Ἐπειιλιγ
320 556 393 617 πολλῇ
409 555 437 615 τγγ
452 553 504 603 καθ’
519 554 584 616 opida
600 555 639 619 ὑφ’
656 557 721 617 ὑγιῶν
738 556 850 616 γενογιὲνγγ
866 552 959 614 apuleia
981 551 993 599 ό
1008 555 1063 606 νοός

75 640 84 674 5
100 627 139 679 τός
154 623 241 678 πολλός
256 628 293 672 aet
309 623 426 686 βλαβερός
442 628 486 672 τών
501 632 630 686 deponendo
644 628 756 680 όπονοὶας
772 627 889 683 ἐξέφυσεν,
904 627 940 672 οιαὶ
954 623 1063 684 γεγόνατε

98 700 172 756 ὥσπερ
186 697 234 755 γιγ2
250 696 333 755 sinopici
347 700 446 756 γεωργοῦ
462 700 614 760 χερσεόσοισα,
631 702 718 748 πολλού
733 695 788 757 πρός
803 696 1001 756 ιιοῖθαρσιντλιῑσθε
1011 695 1064 757 χρό-

98 787 151 824 νον,
173 774 212 814 ἵνα
228 767 269 814 τόν
283 769 482 829 ,ιιεταιλιιλόγιενσνό
505 770 562 828 dmin
585 775 653 831 λόγον
674 768 751 828 diade}
772 767 845 825 ὥσπερ
865 761 934 812 naida
950 765 1063 824 σπόρσνό

98 841 150 889 νοῦς
166 833 291 897 λαβώνγιλλ
307 843 504 898 concremabatur
520 845 649 900 ονγιπνίξας
670 839 773 900 όταρπσν
794 835 940 896 ιιαταστιγσγγλ
957 834 1013 894 πρός
1034 832 1063 883 τό

100 908 177 965 σώζειν
193 908 312 967 dardanae
327 912 389 968 ἔργα.
419 908 452 957 ded
467 912 508 974 χρὴ
524 910 579 963 uode
595 911 774 970 πεφροντικότας
789 910 831 967 τιγς
846 910 931 956 dcccciv
955 907 1063 965 nasaniae

75 979 260 1040 ιοσονεγγέστερσν
275 979 403 1035 ε’ποιιισόειν,
418 980 478 1033 ὅπως
493 981 539 1029 od⁵
555 987 579 1028 εἰι
594 984 687 1040 prunonio
702 983 787 1043 χρόνων
805 978 943 1038 οἷτοπνγγιατοι
957 981 1063 1035 πληθυν-

99 1051 172 1095 όέντα
188 1052 269 1110 βραχεῖ
283 1052 313 1107 τῷ
329 1054 508 1148 περιλειπομένῳ
523 1052 594 1112 χρόνῳ
610 1061 696 1113 συνεχεῖ
711 1052 799 1111 ennodi}
809 1048 865 1108 πρός
880 1049 995 1107 adducore
1005 1045 1063 1095 οἴνα·

99 1121 193 1177 λογγσοιι
210 1121 307 1216 ιλαγιγθγγ
337 1118 433 1178 ε’πειιλιγ6
456 1119 497 1180 οὖν
513 1128 606 1172 ἑιιοιστος
629 1122 745 1179 όιληλσν
736 1129 781 1183 εχει
805 1124 846 1167 τού
866 1120 925 1165 edica
940 1119 1022 1180 χρόνον
1036 1138 1062 1165 το

99 1258 186 1318 ὀλίγον’
202 1256 229 1305 od
241 1258 284 1318 γολρ
300 1259 425 1319 ιλανιγσεσθε
441 1265 606 1322 ταθοιριλιγναι,
621 1264 657 1308 ἐπὶ
673 1259 732 1308 aoid
748 1260 791 1345 γόιρ
807 1255 958 1322 ἐχιρσεόσατε

76 1336 95 1370 15
156 1330 188 1373 Ill.
220 1327 271 1376 Ota
288 1328 395 1381 όλλσιςιλὲ
412 1329 437 1378 τό
454 1333 512 1381 aoid
529 1336 569 1390 τιγς
590 1333 692 1389 σποαόιγς
711 1328 767 1391 πρός
785 1329 897 1390 κάθαρσιν
919 1330 985 1389 ὑγιῶν
1004 1325 1063 1376 α’να-

100 1402 210 1455 aaronem
224 1396 389 1456 ογπογιενεῖτε7,
409 1398 448 1448 e'dc
464 1402 497 1461 γιιγ
511 1421 536 1462 γε
552 1402 629 1454 αὐτοις
649 1399 794 1461 ὀργισθέντες
810 1401 947 1461 ἐπιπλνγξιγτε
966 1401 1017 1458 περὶ
1032 1392 1063 1445 ὧν

100 1468 127 1522 ὥς
143 1469 224 1530 oppam
241 1471 337 1517 ιλσαλοι8
352 1470 502 1531 ενιγιλρεόθιγτε
517 1474 654 1531 σννθέγιενοι
670 1483 718 1522 ταῖς
733 1483 809 1525 nonore
832 1468 898 1531 opida
917 1473 1063 1528 epicopium,

100 1547 138 1587 ἵνα
152 1540 196 1599 τήν
212 1539 317 1587 ιλιιιαιάν9
332 1539 399 1598 όγισγν
413 1539 481 1602 ὀργὴν
495 1545 524 1602 τῷ
540 1546 570 1602 νγ]
586 1541 615 1596 σός
629 1544 674 1601 πῦρ
690 1541 827 1603 χερσενσόσγγ
843 1540 928 1601 οἷροόργγ
941 1546 1061 1599 ἐπαφεῖναι

101 1697 155 1740 mus,
172 1684 198 1726 de
214 1684 306 1727 castitate
323 1684 427 1728 disseruis.
457 1684 482 1728 Et
496 1690 606 1741 postquam
622 1686 665 1728 dies
681 1686 752 1743 illuxit,
768 1685 822 1741 plebi
836 1683 1062 1741 ingressumpermisit.
1092 1721 1097 1736 x

77 1754 132 1801 aoAd
147 1755 274 1797 multitudine
289 1755 384 1810 ingressa
400 1761 461 1811 atque
475 1771 513 1812 pro
529 1770 588 1800 more
602 1758 689 1801 salutata
705 1759 775 1812 coepit
790 1757 870 1799 dicere:

157 1826 180 1869 ΙΙ.
212 1826 383 1881 Quandoquidem
399 1828 461 1870 multa
483 1830 593 1871 adversum
609 1840 648 1872 vos
669 1841 681 1870 a
704 1829 764 1872 vobis
786 1829 881 1883 proiecta
902 1826 982 1868 incuria
1004 1838 1063 1868 mens

98 1897 195 1952 plurimas
211 1902 232 1938 et
246 1897 320 1939 noxias
336 1898 504 1952 superstitionum
520 1900 629 1953 opiniones
645 1900 774 1955 germinavit,
790 1904 811 1941 et
825 1898 874 1941 facti
883 1898 932 1940 estis
941 1896 998 1939 uelut
1006 1902 1063 1939 terra

100 1967 181 2010 deiectu
197 1967 303 2022 agricolae
318 1968 440 2025 silvescens,
457 1970 519 2013 multo
534 1970 559 2011 ad
575 1971 720 2026 purgationem
735 1970 830 2025 indigetis
845 1975 952 2025 tempore,
972 1974 995 2012 ut
1017 1973 1062 2011 tra-

100 2039 163 2081 ditum
178 2039 238 2081 vobis
253 2051 372 2082 sermonem
386 2053 459 2083 verum
474 2046 577 2095 tamquam
593 2042 720 2096 praeclaram
741 2047 854 2086 sementem
868 2053 927 2083 mens
947 2040 1062 2095 suscipiens

76 2110 169 2165 tapravis
185 2108 354 2153 sollicitudinibus
370 2110 518 2167 nonsullooet,
534 2124 574 2153 nec
590 2112 615 2153 ad
631 2112 736 2155 salutifera
746 2125 810 2166 opera
820 2112 894 2154 reddat
905 2111 1061 2154 infructuosum.

101 2181 170 2230 Quare
186 2185 281 2235 oportet,
304 2186 326 2222 ut
349 2182 384 2235 qui
404 2182 474 2224 salutis
490 2194 540 2225 snae
563 2194 634 2224 curam
649 2183 772 2238 suscipiunt,
794 2182 960 2236 frequentissime
981 2182 1064 2224 audiant
1133 2168 1138 2237 [³

102 2265 143 2307 quo
159 2257 245 2306 peccata
262 2264 288 2294 ex
302 2252 365 2293 mullo
381 2258 475 2307 tempore
490 2258 549 2296 aucta
564 2254 623 2296 brevi
639 2254 694 2308 quod
710 2258 774 2296 restat
789 2259 883 2307 tempore
897 2265 934 2307 per
945 2254 1062 2294 continuam

101 2324 226 2379 diligentiam
242 2322 267 2364 ad
283 2315 513 2378 expiationempossint
528 2324 610 2367 referri.
647 2323 697 2366 Cum
718 2337 770 2379 ergo
791 2324 901 2378 unicnique
923 2324 1014 2367 incertus
1037 2324 1062 2366 sit
1133 2367 1135 2379 ἱ

102 2406 152 2437 suae
168 2394 221 2436 vitae
236 2393 347 2448 terminus,
362 2393 457 2437 festinate
472 2396 545 2438 mrdtas
561 2409 573 2437 e
588 2396 685 2438 cordibus
700 2396 775 2438 vestris
795 2394 904 2436 extrahere
920 2395 1000 2451 spinas,
1019 2407 1063 2437 raon
1132 2382 1135 2388 ¹

76 2476 153 2510 abuero
169 2465 282 2520 paullatim,
297 2476 366 2519 neque
383 2467 436 2508 euim
451 2466 560 2523 repurgari
575 2468 678 2522 poteritis,
695 2468 743 2521 quia
759 2466 807 2508 estis
823 2477 874 2519 ager
889 2465 951 2518 spinis
966 2465 1062 2524 horrens.

159 2536 191 2578 Ill.
222 2535 268 2577 Non
286 2536 343 2578 aliter
359 2550 409 2579 vero
431 2539 515 2581 multum
530 2538 619 2580 studium
634 2538 741 2591 suscipere
761 2536 786 2578 ad
806 2537 950 2591 purgationem
972 2541 1062 2579 vestram

101 2606 237 2660 sustinebitis,
254 2606 292 2647 nisi
307 2607 365 2651 vobis
380 2609 426 2651 irati
440 2609 550 2664 increpetis
565 2595 603 2652 vos
620 2610 646 2651 ob
664 2621 689 2650 ea
704 2609 725 2649 in
740 2608 812 2662 quibus
827 2607 882 2649 velut
901 2606 983 2649 inutiles
1006 2603 1061 2651 servi

101 2679 180 2724 insidiis
194 2676 253 2731 petiti
269 2677 316 2719 estis
332 2684 352 2720 et
367 2679 424 2722 malis
440 2681 513 2724 vestris
529 2680 674 2734 cupiditatibus
690 2679 833 2735 consensistis,
849 2685 869 2721 at
881 2680 957 2734 J'nstam
973 2679 1060 2720 iracun-

103 2752 155 2794 diam
170 2750 191 2791 in
207 2752 296 2790 rnerrtem
310 2755 410 2807 vestram,
427 2752 486 2806 quasi
500 2752 570 2806 ignem
584 2751 605 2793 in
622 2759 693 2794 arvum
709 2750 831 2807 silvescens,
847 2750 930 2805 possitis
943 2750 1060 2792 immittere.

133 2887 151 2922 l.
182 2884 208 2921 lta
225 2881 240 2919 Ο
257 2885 275 2919 et
291 2885 433 2935 exconjectl),
450 2881 539 2928 πολλοὺς
549 2884 568 2923 C.
625 2887 644 2922 7.
674 2883 700 2921 lta
722 2888 740 2921 et
760 2885 772 2922 S
795 2885 832 2933 leg.
855 2888 929 2933 censet,
953 2895 1060 2932 quarnqnam
1136 2900 1138 2902 ·

132 2948 151 2981 2,
182 2941 204 2993 γῖγ
221 2942 251 2979 Cl:
269 2943 479 2984 erratSdelectione
495 2945 521 2983 Ci
595 2938 798 2992 deditdnope'oezec.
815 2945 834 2981 C
1089 2943 1090 2947 ’

133 3006 152 3040 3
182 3002 201 3039 ln
221 3000 235 3038 0
258 2999 308 3050 prius
330 3007 368 3040 erat
390 3000 523 3056 doddpeooap.
537 3016 568 3055 pe
625 3004 645 3041 8.
675 3000 744 3041 δσολσι
758 3002 851 3051 flagitante
867 3013 921 3040 sensu
936 3002 978 3039 add.
994 3014 1010 3039 e
1023 3001 1044 3039 0.

104 3056 239 3112 ταδιδόγιενον.
625 3064 643 3098 9.
674 3056 783 3100 anniani).
814 3062 904 3111 Deinceps
920 3055 980 3111 όργιγν
996 3059 1058 3099 adds

132 3123 152 3158 4.
182 3115 303 3170 καταστήσει
319 3118 339 3156 C.
595 3118 705 3186 ercopjtec.
693 3120 745 3159 tei.
775 3122 818 3159 Tum
832 3117 1047 3173 χερσινσσόσιγΟΛ
1017 3133 1059 3172 χερ-

135 3181 152 3215 5.
181 3173 257 3216 edoni.
275 3178 296 3216 0.
595 3189 678 3228 σενσνσγγ
694 3179 712 3217 S.

136 3241 154 3276 6.
184 3231 225 3277 ἐπεὶ
241 3237 260 3278 G.
