2276 3612
99 207 160 258 xvru,
180 212 211 248 tr.
231 212 263 250 ra.
561 209 603 253 362

100 324 137 365 ἵνα
152 321 187 379 μη
202 342 232 378 με
248 319 311 381 δόξης
326 320 461 377 ιγεόιλεσθοι,
483 321 603 381 α’νοὶξομαί
625 342 658 370 σοι
681 325 707 370 τό
728 319 767 376 od,
788 328 826 368 ἵνα
851 327 930 384 εἰιλῄςῙ
950 323 984 371 ὅτι
1004 323 1059 381 πρός

98 390 175 436 εἰδότα
192 394 289 450 διαλέγῃ.

156 463 197 505 ΧΙΙ.
227 460 320 517 Ἡμεῖς,
334 455 350 506 αἶ
365 463 458 519 Σίμων,
473 466 496 507 ε’νι
512 466 553 521 της
568 464 668 523 μεγολλης
684 462 810 521 deprimente,
828 463 860 511 tn
876 483 901 510 τε
915 468 953 511 ναὶ
969 466 1009 522 τῆς
1019 483 1057 510 νο-

98 532 147 588 ρίας
163 534 296 590 λεγομένης,
318 530 345 578 ov'
366 535 462 592 λέγομεν
485 532 525 579 atde
545 531 691 582 α’πεστόιλθαι
707 532 825 594 αγγέλονς,
847 531 887 581 τόν
908 541 951 591 μέν
974 537 1009 581 tot
1028 538 1057 591 api

82 603 170 647 οντιόαι
186 602 283 658 κόσμον,
299 600 340 648 τόν
355 604 378 649 (λέ
392 606 429 650 ἐπὶ
445 606 474 664 τῷ
491 605 576 651 θέσθαι
592 602 632 651 τόν
648 605 731 663 νόμον·
748 601 795 651 ov’d'
808 605 843 651 ότι
857 599 955 650 ον’τοῖνῗ
966 612 1058 657 ἕκαστος

97 666 182 724 ἐλθόν,
203 670 236 730 ἐφ’
258 673 291 723 οἷς
306 675 423 731 ἐποίησεν,
438 671 466 725 σός
482 671 549 725 αὐτός
568 674 598 720 de
615 673 740 732 αὐθέντης,
756 673 827 722 αὐτόν
842 674 954 735 ἤγγειλεν·
981 672 1029 723 ov'd'
1046 676 1057 722 ό

95 739 178 790 areatat
193 742 332 800 στησόμενος
348 743 512 804 οὶντιοεέμενος.
551 746 629 803 pudor,
646 750 691 797 πως
708 743 817 801 οἲπιστεῖς,
835 747 870 792 ταὶ
887 742 928 803 την
943 744 1056 793 ὑπόθεσιν

95 809 189 868 ταύτην.
227 810 256 870 ἣν
278 811 323 872 φῄς
343 813 444 871 δύναμιν
460 819 484 860 ἐν
499 811 635 874 ἀπορρήτοις
653 818 720 869 εἶναι,
736 815 829 875 όγνσέας
843 817 915 875 γέμει.
952 815 993 874 την
1013 818 1055 875 γοὶρ

95 878 259 939 α’γνωμοσόνην
274 886 319 929 των
334 882 373 930 ὑπ’
390 882 463 943 αὐτῆς
477 885 650 932 ἀποσταλέντων
666 884 764 945 οἲγγέλων
780 884 807 932 ον’
817 889 988 945 προεγένωσνεν.
1017 890 1054 934 ναὶ

68 947 104 997 tud
123 953 201 1005 Σιίιων
216 957 257 998 τού
275 957 363 1012 Πέτρον
379 959 451 1002 ταντα
467 959 572 1014 λέγοντος
587 956 688 1014 μεγάλως
710 955 826 1016 ὀργισθεὶς
841 959 937 1015 ἕπε’νιοψε
952 960 1055 1018 λέγοντο,

94 1018 175 1066 εἰπών’
198 1025 220 1067 τί
236 1027 354 1084 φλυαρεῖς,
375 1029 473 1084 τολμηρὲ
495 1028 531 1072 ναὶ
552 1026 644 1071 πόντων
668 1028 847 1083 προπετέστατε,
868 1025 902 1073 ἐπ’
923 1027 992 1090 όχλων
1015 1024 1054 1074 ed-

92 1093 180 1150 ,nodp'4
195 1096 306 1151 ἐτφαίνων
322 1095 418 1156 οῑτεχνως
439 1093 467 1141 τό
488 1094 620 1153 οἷπόρρητα,·
640 1097 675 1140 ναὶ
697 1093 708 1140 o‘
725 1098 821 1153 Πέτρος
846 1099 868 1143 τί
884 1107 977 1156 φθονεῖς
993 1095 1053 1155 edep-

91 1169 207 1218 γετεῑσθοι
223 1161 276 1214 node
292 1163 407 1223 παρόντος
423 1162 547 1225 οἲνροατόςς
570 1166 605 1211 ταὶ
623 1163 634 1210 ό
651 1166 738 1223 Σιμίαν
762 1162 864 1213 adnotet
880 1167 995 1228 ὁμολογεῖς
1010 1168 1053 1224 τόν

92 1232 202 1292 τοιαύτην
218 1236 338 1293 ἐπίγνωσιν
361 1234 490 1296 εόεργεσιόν
509 1240 578 1290 εἶναι,Ι
600 1238 637 1282 ναὶ
660 1233 671 1281 ό
696 1239 794 1295 Πέτρος·
820 1235 931 1297 όμολογω.
969 1238 994 1284 τό
1008 1235 1053 1297 γοέρ

66 1304 176 1360 15ψεόέος
191 1309 294 1362 γνωσθὲν
309 1305 430 1366 εὐεργετεῖ,
446 1306 539 1367 οἶγνοέας
556 1308 616 1364 αἰτέο
632 1305 664 1366 μη
680 1317 810 1365 περιπεσεῖν
826 1305 894 1368 αὐτῷ.
930 1311 965 1355 ναὶ
984 1307 996 1354 ό
1012 1311 1053 1355 Σέ-

91 1460 169 1514 dixisti,
185 1472 302 1503 sermonem
318 1462 398 1505 eredas.
427 1462 481 1506 Novi
496 1475 585 1516 namque
600 1468 655 1504 tuam
671 1463 797 1505 sententiam.
826 1463 851 1505 Et
867 1475 894 1505 ne
902 1476 935 1505 me
947 1463 1052 1506 arbitreris

92 1531 165 1573 falsum
181 1531 261 1588 dicere,
278 1534 396 1588 significabo
413 1535 448 1577 tibi
464 1521 510 1590 tua,
525 1541 547 1577 ut
562 1535 615 1577 scias
631 1540 651 1577 te
666 1547 712 1576 cum
726 1536 807 1577 sciente
823 1534 944 1588 disceptare.

149 1601 191 1644 XII.
221 1602 274 1658 Nos,
297 1604 405 1660 oSimon,
431 1618 458 1646 ex
478 1617 553 1660 magna
575 1606 659 1660 virtute,
682 1618 735 1659 quae
758 1611 777 1647 et
793 1605 874 1646 domina
890 1609 987 1660 vocatur,
1009 1617 1051 1646 non

91 1672 176 1716 dicimus
198 1675 271 1718 missos
293 1675 356 1717 fuisse
377 1675 429 1716 duos
449 1674 553 1731 Angelos,
578 1688 640 1716 unum
662 1675 742 1729 quidem
766 1676 790 1717 ad
813 1676 924 1717 creandum
949 1675 1050 1730 muudum,

64 1744 151 1786 analium
165 1757 217 1786 vero
234 1746 259 1786 ad
275 1745 381 1787 ferendam
401 1747 489 1802 Legem,
511 1759 580 1800 neque
603 1746 657 1800 quod
672 1751 759 1800 uterque
782 1747 869 1789 ueniens
892 1759 974 1802 eorum,
997 1758 1050 1799 quae

88 1815 145 1870 iecit,
161 1827 184 1856 se
200 1828 317 1870 supremum
333 1823 439 1859 auctorem
454 1817 614 1872 praedicaverit,
634 1828 703 1870 neque
726 1817 782 1871 quod
807 1821 864 1859 stans
884 1817 909 1859 sit
924 1821 1013 1859 staturus
1028 1821 1051 1857 ut

89 1887 226 1931 adversarius.
256 1890 309 1931 Audi
325 1902 366 1944 quo
382 1888 443 1931 modo
460 1889 499 1930 hae
515 1890 575 1930 etiam
589 1889 610 1928 in
626 1901 649 1929 re
664 1887 781 1930 incredulus
797 1888 833 1930 sis.
863 1887 937 1942 Virtus,
953 1899 1014 1941 quam
1029 1887 1049 1927 in

88 1960 169 2001 arcanis
185 1961 214 2002 ais
231 1973 286 2016 esse,
303 1961 431 2015 ignorantiae
447 1960 507 2013 plena
524 1963 561 2001 est.
599 1958 649 2000 Nam
664 1960 765 2014 ingratum
787 1960 879 2000 animum
898 1959 923 1999 ab
939 1958 983 2011 ipsa
998 1958 1048 1999 mis-

88 2040 158 2070 sorum
174 2029 301 2085 Angelorum
317 2043 359 2073 non
374 2030 490 2084 praescivit.
521 2029 551 2070 Ac
566 2029 644 2083 Simon,
660 2029 719 2071 Petro
735 2029 788 2070 haee
804 2029 885 2070 dicente
891 2061 896 2083 ,
914 2027 1048 2069 vehementer

62 2100 151 2142 ttiratus
166 2101 285 2154 toquentem
300 2102 408 2154 interrupit
423 2100 524 2153 dixitque:
541 2099 588 2152 quid
607 2100 705 2154 blateras,
720 2100 830 2140 temerarie
849 2099 981 2151 omniumque
996 2109 1047 2152 pro-

87 2172 214 2226 tervissime,
239 2176 258 2212 et
274 2183 342 2211 eoram
364 2172 440 2224 populo
457 2170 517 2211 docili
536 2176 614 2212 temere
630 2170 726 2224 patefacis
742 2170 835 2211 areana?
866 2170 891 2212 Et
910 2170 990 2212 Petrus:
1012 2182 1048 2211 our

87 2240 167 2281 invides
183 2240 309 2283 adstantibus
326 2240 452 2283 auditoribus
467 2240 508 2282 boc
524 2239 662 2282 beneficInm?
692 2239 771 2284 Simon:
793 2253 834 2282 non
855 2241 918 2294 igitur
938 2240 1047 2295 confiteris,

88 2310 205 2363 hujusmodi
224 2312 350 2365 agnitionem
370 2311 491 2353 beneficium
508 2311 569 2354 esse?
600 2311 680 2355 Petrus:
702 2311 775 2353 fateor.
805 2311 856 2352 Nam
871 2311 999 2353 mendacium
1008 2323 1046 2352 οσ-

88 2381 167 2436 gnitmn
183 2393 208 2422 eo
225 2381 325 2422 beneficio
342 2382 407 2437 afficit,
423 2384 479 2424 utin
495 2382 543 2424 iilud
558 2395 596 2436 per
611 2383 747 2436 ignorantiam
762 2393 805 2423 non
820 2381 939 2424 incidamus.
969 2382 1047 2425 Simon:

116 2624 134 2660 1.
164 2616 207 2672 έδης
224 2621 245 2658 0,
579 2622 643 2657 borum
660 2619 807 2667 apomppborurn
827 2619 885 2667 loeis,
907 2620 958 2658 Hom.
975 2620 995 2668 u,
1011 2623 1044 2658 22.

116 2688 135 2722 2,
166 2677 234 2720 αὐτῶν
249 2680 315 2729 scripsi
335 2692 358 2718 ex
377 2683 466 2730 conjeot,
489 2685 509 2717 nt
523 2692 554 2717 se·
580 2683 613 2717 24,
629 2680 656 2726 lii,
673 2683 692 2716 2.
706 2678 767 2724 XVIII,
785 2679 802 2714 1.
817 2678 864 2727 Epit.
877 2692 893 2716 ο.
910 2682 943 2717 25.
962 2680 1044 2728 Recogn.

87 2740 160 2791 quentia
176 2746 226 2778 stare
241 2740 323 2789 possint,
340 2736 411 2779 ἑαυτὸν
427 2741 440 2777 G
457 2739 478 2777 0.
510 2739 553 2776 Tmn
578 2736 758 2785 tuntinano.
787 2736 918 2786 biiquuidem,
935 2738 1044 2786 coibprae-

86 2802 127 2841 add.
151 2796 178 2844 ὡς
199 2804 242 2838 ante
264 2793 326 2843 αιἰτός
346 2810 362 2837 c.
383 2799 404 2837 0.
447 2798 553 2837 bontionem
578 2797 640 2834 sertim
652 2797 695 2833 Ιοσο
711 2795 762 2832 Hom.
778 2795 798 2843 Π,
808 2800 841 2846 22,
857 2803 920 2835 nostra
937 2797 963 2835 sie
979 2797 1042 2835 viden-

85 2860 179 2907 ntriusque
195 2860 248 2897 Hom.
266 2858 312 2896 Cod.
332 2853 359 2896 ὢν
375 2853 471 2910 αὐθέντης
490 2852 553 2896 αὐτόν
577 2862 606 2894 tm
621 2867 663 2894 esse
678 2853 800 2892 resumenda:
823 2851 863 2894 οὐδ’
882 2852 914 2895 ότι
934 2857 974 2904 (vel
990 2856 1043 2894 etiam

87 2921 181 2960 Sirustra
197 2918 272 2956 mutavit
288 2918 306 2955 In
323 2913 350 2961 nic
365 2912 462 2969 αὐθέντην
477 2912 545 2960 αὐτός,
577 2910 609 2954 ότι
630 2910 652 2953 od
674 2914 716 2951 eeu.
737 2914 787 2951 Hom.
808 2916 871 2963 XVIII,
888 2918 917 2962 7.)
949 2910 958 2954 ό
981 2910 1043 2958 ἑστώς

117 2982 135 3017 3.
167 2979 213 3016 voh,
235 2971 276 3017 οὐδ’
297 2973 307 3015 ό
331 2971 394 3019 ἑστός
415 2977 457 3014 κτλ.
483 2978 552 3024 absque
577 2969 696 3025 στησόμενος
718 2965 748 3011 dd
770 2968 803 3012 nni
821 2970 847 3025 μη
867 2970 982 3025 πεισόμενος
1003 2976 1042 3021 (uei

88 3037 204 3076 distinctione
219 3038 299 3075 inbisor.
328 3036 348 3074 Id
357 3040 393 3073 est:
412 3047 483 3084 „neque
496 3041 552 3083 stans,
577 3029 714 3083 πεσούμενος).
736 3031 754 3070 S.
799 3033 864 3072 Codex
886 3034 922 3071 Ott.
948 3034 1042 3072 confirmat

89 3098 140 3135 atteri
149 3097 245 3146 oppositus
254 3102 272 3134 et
281 3094 404 3142 aduersarius
415 3099 493 3131 staturus
502 3100 548 3132 esur
576 3091 673 3131 tectionem
689 3102 699 3127 a
717 3089 729 3126 C
745 3090 849 3131 exhibitam.

90 3156 145 3200 Quem
170 3168 243 3194 sensum
265 3160 284 3193 ut
305 3154 357 3204 potui
383 3152 486 3201 expiscatus
506 3165 551 3201 sum,
606 3155 625 3189 t.
655 3145 741 3199 ἀμαθῶς
757 3151 776 3188 G.

88 3214 152 3263 partim
169 3215 295 3253 exorationis
311 3214 369 3263 serie,
390 3211 455 3261 partim
473 3224 496 3249 ex
512 3212 552 3251 eliis
608 3212 626 3249 5.
657 3203 693 3247 oda
709 3200 742 3247 οὖν
758 3209 778 3249 G.
