2276 3612
126 225 171 275 mn,
190 227 283 266 13-15.
371 235 372 238 ¹
586 189 627 274 190

125 339 221 396 δημένοι
236 337 394 398 κατέσγηνται1
409 339 445 383 καί
461 340 552 397 ἰσχυρῶς
567 339 680 394 δέδενται,
700 331 727 385 οὗ
744 343 818 391 ἕνεκεν
840 341 871 387 εἰς
890 335 1004 396 οὐρανούς
1019 335 1085 384 ιίνελ-

124 416 178 457 θεῑν
195 407 268 456 οὐκέτι
285 406 437 466 ε’δυνηθησαν.

183 482 232 525 XIV.
262 476 330 523 Μετοί
345 476 388 536 γιίρ
404 479 537 534 συνουσίαν,
560 479 588 528 3²
603 477 628 526 τδ
644 484 733 539 πρῶτον
747 479 849 536 ἐγίνοντο
865 477 1033 535 οίιταιτηθένιες
1049 479 1084 522 καί

82 539 84 545 ¹
126 560 248 610 παρασχεῖν
267 550 348 606 μηκέτι
371 549 521 605 δυνηθέντες,
545 547 581 596 διδ
604 549 629 597 τὸ
646 553 700 598 tam
722 569 743 595 τι
765 545 823 605 μετοί
844 548 948 606 μιασμδν
970 544 1084 598 έαυτοδςό

109 625 218 678 εκσιησαι
233 617 266 677 μη
281 617 408 670 δυ’νασθαι,
423 616 523 674 ιίρέσκειν
539 639 563 666 τε
579 632 626 672 ταῖς
642 623 762 680 ε’ρωμέναις
776 617 914 675 βουλόμενοι
929 616 983 663 ἀνθ’
999 619 1084 663 ἑαυτῶν

124 691 177 742 τούς
193 693 232 750 της
246 694 287 748 γης
302 688 401 748 μνελοιίς
415 686 550 745 ὑπέδειξαν,
571 693 664 748 λέγωδὲ
681 687 708 737 τοί
724 696 746 736 ἐκ
761 687 879 745 μετάλλων
895 685 971 743 σ’ίνθη,
995 683 1084 748 χρυσόν,

123 759 219 824 χαλκόν,
236 759 344 819 οίργυρον,
365 760 456 818 σίδηρον
472 764 507 808 καί
523 759 551 807 τοί
568 761 650 819 ὅμοια,
672 760 715 807 ουν
730 771 774 809 τοῖς
789 757 933 816 τιμιωτοίτσις
949 756 1035 803 ἅπασιν
1051 759 1084 802 λί-

125 840 183 883 θοις·
213 829 254 877 odit
269 831 359 880 τούτοις
375 831 397 875 δέ
413 843 460 884 τοῖς
474 835 639 893 μαγευθεῖσιν4
659 834 734 883 λίθοις
749 829 847 880 καίτοίς
863 831 942 887 τέχνας
961 831 1006 874 των
1028 825 1084 885 mode

122 909 204 948 ἕκαστα
221 897 361 959 πραγμάτων
378 905 507 960 παρέδοσαν
516 905 532 959 ⁵,
551 907 585 950 καί
606 904 704 962 μαγείαν
719 899 895 955 συναιιέδειξαν6
917 901 955 945 καί
975 898 1084 956 ἀστρονο-

98 973 181 1027 rupina
196 973 312 1025 ἐδίδαξαν,
334 969 443 1029 δυνάμεις
459 993 482 1019 τε
497 977 564 1034 ῥιζῶν
580 976 615 1019 καί
631 973 671 1018 ὅσα
693 977 748 1018 νιοτέ
764 970 809 1016 dud
826 968 973 1027 ανθρωαίνης
995 968 1084 1017 ἑννοίας

123 1040 245 1099 εκίρεθηναι
261 1037 382 1094 addenem,
398 1047 431 1086 ἔτι
447 1044 469 1089 δὲ
483 1045 567 1102 χρυσοῦ
584 1046 619 1090 καί
635 1040 734 1100 αόγυρου
749 1045 786 1087 καί
798 1044 841 1087 τῶν
857 1037 942 1096 ὁμοίων
957 1038 1029 1099 χύσιν,
1045 1035 1085 1089 κοίς

123 1128 146 1154 τε
162 1114 206 1156 των
222 1112 342 1169 έοθητων7
357 1113 462 1162 ποικίλας
477 1112 561 1171 duodo.
592 1115 628 1157 καί
646 1108 719 1157 πάνθ’
729 1109 813 1165 δειλῶς,
828 1109 912 1167 ὅσαπερ
929 1107 984 1166 πρὸς
999 1107 1085 1167 κόσμου

123 1185 159 1228 καί
176 1179 273 1241 τέρψεως
288 1187 333 1227 ἐστι
348 1184 474 1240 γυναικών,
497 1183 541 1227 τοῖν
561 1186 586 1227 έν
608 1183 671 1241 σαρκί
696 1182 806 1228 δεθέντων
828 1176 943 1236 δαιμόνων
964 1179 1023 1225 ἐστίν
1047 1177 1084 1224 ed-

124 1252 217 1310 ρηματα
230 1253 246 1297 ⁸.

97 1336 117 1370 15
180 1325 222 1367 XV.
252 1320 292 1367 Ἐκ
309 1324 332 1368 δέ
346 1325 386 1381 της
401 1320 474 1368 νόθου
488 1323 568 1378 μίξεως
584 1319 788 1379 αδκωνιίνθρωττοι
798 1322 902 1379 ἐγένοντο
916 1317 994 1372 νόθοι,
1010 1319 1084 1376 πολλῷ

121 1410 147 1449 γε
162 1394 206 1437 τών
222 1388 351 1450 οἶνθριίτιων
366 1387 423 1436 κακοί
440 1389 540 1448 κορυφὴν
560 1394 661 1449 μείζους,
684 1389 724 1441 οίίς
747 1390 785 1436 οἱ9
800 1385 860 1446 μετδ
882 1392 954 1435 ταῦτα
975 1391 1084 1448 γίγαντας

122 1457 257 1519 ω’νόμασαν,
272 1460 301 1508 ου’
317 1459 495 1518 δρακοντόκιοδες
510 1460 573 1511 ὄντες
594 1463 629 1506 καί
645 1462 700 1519 πρὸς
716 1457 775 1507 &edu
795 1459 898 1518 πόλεμον
912 1456 1035 1517 σῖριίμενοι,
1056 1458 1084 1510 τίς

124 1538 145 1578 οἱ
162 1529 294 1592 βλιίσηημσι
312 1530 489 1589 ’τωνἙλληνων
511 1530 587 1590 ᾅδουσι
609 1535 695 1588 μυθοι,
716 1526 772 1577 οἷλλδ
790 1530 906 1588 θηριώδεις
927 1529 967 1576 τὸν
990 1528 1084 1588 τρόπον,

124 1606 159 1649 καί
174 1604 264 1660 μείζους
279 1606 323 1654 μέν
341 1600 468 1658 ἀνθρώπιον
483 1603 511 1647 ad
525 1604 626 1660 μεγέθη,
640 1603 732 1659 ε’τιείττερ
750 1606 771 1653 ἐξ
785 1600 885 1659 ιίγγέλων
901 1603 1019 1659 ἐγένοντο,
1042 1599 1084 1658 ιίγ-

97 1751 116 1783 κο
124 1742 233 1797 Siquidem,
250 1742 317 1784 earnis
333 1742 418 1784 vinculis
434 1741 548 1797 compediti,
565 1741 642 1783 detenti
657 1748 704 1785 sunt
719 1755 743 1783 ae
758 1742 839 1784 sortiter
854 1742 915 1797 ligati,
930 1747 1014 1796 propter
1029 1741 1084 1797 quod

123 1826 165 1854 non
181 1818 294 1867 potuerunt
310 1814 394 1866 amptius
411 1814 431 1852 in
447 1812 517 1854 caelos
533 1813 668 1856 adscendere.

178 1883 229 1926 XIV.
260 1885 339 1926 Etenim
354 1890 401 1938 post
415 1884 555 1939 concubitum,
576 1884 630 1938 quod
647 1889 694 1926 anto
710 1884 792 1926 suerunt
808 1889 904 1937 repetere
917 1884 971 1938 jussi
986 1896 1025 1926 neo
1037 1896 1082 1925 am-

113 1954 173 2007 ptius
190 1954 281 1996 valentes
297 1961 415 2010 praestaro,
438 1955 533 2009 quoniam
551 1954 604 1995 aliud
621 1966 662 1995 non
682 1959 779 2007 poterant
798 1959 844 2008 pust
859 1954 1033 2007 inquinamentum
1049 1953 1083 1995 fa-

122 2037 180 2080 eere,
203 2030 222 2066 et
238 2025 336 2066 attenuatis
353 2026 470 2068 mutieribus
493 2026 575 2079 plaeere
595 2026 713 2079 cupientes,
737 2038 774 2079 pro
799 2038 822 2067 se
842 2026 891 2078 ipsis
912 2026 993 2067 viseera
1014 2031 1084 2067 terrae

96 2095 270 2149 mouendarum,
287 2095 364 2151 deeris,
380 2095 473 2151 inquam,
495 2096 634 2150 metallorum,
660 2108 742 2151 aurum,
765 2107 810 2151 aes,
830 2101 948 2148 argentum,
968 2095 1046 2137 ferrum
1062 2102 1082 2137 et

122 2167 205 2221 similia,
222 2179 268 2206 oum
285 2167 378 2208 omnibus
394 2167 490 2219 pretiosis
506 2166 611 2220 lapidibus.
642 2166 692 2206 Cum
707 2166 738 2208 his
755 2171 822 2207 autem
838 2167 979 2220 praestigiosis
996 2168 1081 2222 gemmis

120 2236 249 2278 tradiderunt
265 2241 284 2278 ot
300 2242 355 2279 artes
371 2236 396 2278 ad
413 2237 493 2292 singula
508 2238 647 2290 pertinentes,
663 2241 683 2277 et
698 2237 789 2291 magicas
805 2237 900 2279 scientias
909 2243 1083 2294 monstraverunt,
1126 2241 1127 2246 ’

122 2313 141 2349 et
157 2308 302 2350 astronomiam
319 2308 444 2364 docuerunt,
460 2310 508 2350 item
524 2308 616 2362 stirpium
633 2309 698 2363 vires7
720 2321 758 2349 neo
774 2320 816 2349 non
832 2320 975 2363 qrraeeumque
995 2308 1083 2350 humana

122 2392 179 2421 mens
195 2391 236 2421 riou
253 2380 352 2433 potuisset
367 2380 469 2433 invenire,
492 2379 559 2421 adhue
575 2385 595 2420 et
610 2381 655 2421 anri
671 2380 792 2434 argentique
814 2392 837 2420 ae
858 2380 950 2421 similium
973 2379 1082 2435 fusionem,

96 2456 185 2505 euntque
199 2451 285 2492 vestium
301 2451 393 2495 diversas
408 2451 513 2493 tincturas.
543 2450 638 2503 Denique
655 2451 722 2492 omniu
738 2461 830 2505 prorsus,
847 2462 900 2503 quae
916 2451 941 2492 ad
953 2456 1046 2493 ornatum
1062 2457 1083 2493 et

123 2521 280 2563 oblectationem
296 2523 402 2564 mulierum
418 2527 520 2577 spectant,
537 2521 660 2562 daemonum
676 2521 697 2561 in
713 2533 775 2562 earne
790 2521 898 2575 ligatorum
914 2527 962 2564 sunt
976 2522 1066 2564 inventa.

179 2591 220 2632 XV.
252 2592 282 2632 Ex
298 2592 411 2634 adulterina
427 2598 495 2634 autem
510 2592 589 2633 illarum
611 2577 758 2645 conjunctione
774 2592 815 2632 nati
838 2596 884 2633 sunt
900 2592 993 2635 tornines
1012 2593 1081 2646 spurii,

121 2663 184 2703 mutto
202 2661 317 2705 hominihus
333 2669 409 2705 statura
425 2664 525 2718 majores,
541 2673 594 2716 quos
609 2667 682 2714 postea
699 2661 794 2715 Gigantes
810 2662 973 2715 norninaverunt
989 2675 1031 2704 non
1042 2675 1082 2703 an-

122 2731 223 2787 guipedes
240 2738 260 2774 et
275 2733 373 2777 adversus
389 2734 455 2776 Deum
471 2733 546 2774 beilum
563 2732 638 2788 adorti,
654 2738 676 2774 ut
689 2732 763 2785 impiae
779 2730 905 2775 Graecorum
921 2734 1031 2775 decantant
1047 2733 1081 2774 fa-

96 2805 191 2861 aarum,
208 2804 245 2847 sed
260 2804 299 2846 feri
314 2806 414 2860 moribus,
438 2809 457 2847 et
473 2803 587 2845 hominibus
604 2803 686 2857 quidem
702 2802 756 2844 mole
776 2804 867 2858 eorporis
888 2804 989 2859 maj0res,
1008 2809 1080 2858 utpote

153 2985 170 3019 t.
202 2979 318 3033 κατέχονται
337 2982 356 3019 C,
658 3011 662 3019 .
692 2981 718 3017 lta
735 2980 748 3017 Ο
765 2993 781 3017 e.
798 2977 993 3031 suspiramus.

151 3045 170 3078 2.
200 3041 225 3078 lta
242 3041 256 3078 O
274 3046 292 3079 et
309 3041 322 3078 G
338 3052 361 3078 ex
381 3039 471 3092 conjeci„
495 3035 517 3078 δν
531 3039 556 3077 idi
571 3037 588 3074 in
659 3068 662 3076 ,
692 3036 774 3088 μαγείας
789 3036 892 3086 ὐιιίδειξαν
908 3040 927 3079 C.

122 3103 177 3136 textu
659 3126 662 3134 .
694 3094 817 3148 ε’σθημαῖθυν
833 3101 853 3137 0.

152 3161 170 3195 3,
202 3150 274 3202 αὐτοὺς
291 3160 310 3198 (ί.
657 3186 661 3194 .
692 3149 789 3208 &dadanum
805 3158 826 3197 Ο.

152 3219 170 3253 t.
200 3219 347 3268 μεγευθεῖσιθ,
658 3245 661 3253 .
693 3212 864 3256 adnisui-uiui).
894 3216 941 3255 Dein
956 3214 1015 3255 τοῦτο
1032 3214 1052 3253 C.
