2276 3612
110 204 131 251 rr,
147 205 179 241 rr.
194 189 229 241 ’κκ
469 200 488 254 j
574 202 601 246 54

110 310 284 373 α’πεσκάλησαν,
304 312 435 369 άκαθάρκου
451 314 505 371 λέγω
520 318 558 360 καὶ
574 318 690 375 καθαραί,
718 314 770 361 ὅτε
786 315 852 374 κάρυξ
867 313 878 360 ὁ
893 317 977 373 μέλας,
1000 316 1036 360 καὶ
1054 312 1070 369 ἦ

112 382 178 444 λευκὴ
194 381 312 444 περιστερά
328 384 425 439 δευτέρα.
464 385 500 429 καὶ
516 382 562 431 α’πὸ
580 391 624 444 μὲν
653 387 695 431 που
712 380 835 446 άργηγὲκου
849 386 890 429 νου
905 389 988 437 ἕθνονς
1003 386 1069 443 ημῶν

110 449 223 513 Ἀβραάμ
239 455 279 502 θάο
295 455 377 510 πρῶτον
396 450 529 511 γεγόνασιν,
549 456 636 513 πρῶτος
650 451 759 509 'reptatu
779 455 827 499 εἶτα
841 451 919 499 Ἰσαάκ
935 453 947 499 ὁ
963 453 1009 502 ὑπὸ
1026 455 1069 500 σου

114 524 175 570 Θεοί]
192 524 348 582 εὐλογημένος.
378 521 423 567 α’πὸ
440 522 539 569 ote0o1
555 522 628 570 αὐτου
642 520 718 569 Ἰσαάκ
731 522 814 582 ὁμοίως
828 521 900 570 πάλιν
917 523 973 578 citio,
992 522 1069 570 Ἠσαῦ

89 590 126 638 50‘
143 590 237 652 άοεβης,
253 593 289 637 καί
304 590 386 651 Ἰακώβ
402 592 413 638 ὁ
430 591 533 651 εὐσεβής.
564 596 634 645 ου’σως
648 597 677 652 πῄ
693 591 772 645 τάξειῖ
793 597 893 652 πρῶτος,
913 593 941 644 ὥς
956 592 1070 653 πρασοκο-

114 680 152 712 κος
167 664 197 718 κρῖ
212 660 297 717 acopo,
313 659 324 708 ὁ
340 659 467 722 α’ρχκερεάς,
482 664 532 709 εἶτα
548 663 558 710 ὂ
575 663 729 722 νογκοθέσηςὸ.

171 732 229 775 Xttt.
257 728 359 787 Ὁμοίως
381 727 395 788 ἦ
414 730 458 788 γάρ
473 731 538 790 Inous
564 731 604 779 σάν
618 732 721 777 Ἠλίανλ
744 734 835 791 συζυγία
856 731 976 790 ὀφείλουσα
996 734 1071 778 ε’λθεῖν

114 803 196 846 ἑκουοα
212 797 341 856 ἀπελείφθη
357 803 388 850 εἰς
405 809 481 858 ἕτερον
497 805 589 862 καιρόν,
612 802 691 847 άλλοκε
712 798 818 860 εὐκαίρως
841 799 913 860 αὐτην
928 799 1072 849 «inciacum

114 870 291 927 βουλευσαμένη.
332 866 365 914 κλαί
388 872 425 916 καί
450 869 461 916 o‘
482 877 506 916 έν
526 881 643 930 γεννητοῖς
661 873 773 928 γυναικών
789 874 875 929 πρῶτος
889 867 975 928 ἦλθεν,
997 871 1072 916 ettae

91 944 138 984 roro
153 943 210 989 υῖοῖς
225 936 353 996 άυθρώκιων
370 939 474 997 θεάκερος
489 945 598 999 ἐπῆλθεν.
629 942 702 1001 scorp
717 937 835 1003 νῇνιίξει6
850 941 1074 987 οἷκολουθοάνναθυ-

114 1005 186 1053 ruodo
201 1003 243 1067 ἦν,
258 1019 317 1054 νοεῖν
334 1011 397 1061 σίνος
414 1013 458 1056 ἐσσί
475 1013 560 1066 Σίμων,
575 1009 586 1056 ὁ
601 1010 644 1068 πρὸ
661 1014 719 1068 έγιοά
734 1016 765 1061 εἰς
781 1012 808 1055 σοί
823 1014 978 1068 ἕθνηπρωσος
991 1008 1074 1065 ἐλθών,

116 1079 153 1123 καῖ
169 1080 232 1129 σίνος
247 1077 278 1123 ὧν
293 1077 407 1140 τυγχάνω,
426 1079 437 1125 o‘
453 1080 501 1137 μετ’
517 1086 602 1126 ἐκεῖνον
622 1081 748 1139 ἐληλυθώς,
771 1084 807 1127 καί
827 1077 932 1126 ἐπελθοίν
953 1080 982 1130 οῖς
1003 1078 1073 1138 cadero

117 1150 175 1201 φώς,
196 1145 224 1197 νίς
239 1151 319 1206 άγνοία
339 1152 433 1206 γνωοις,
453 1148 481 1199 οἷς
498 1149 554 1208 νόσφ
570 1152 635 1199 ἴασις.
673 1150 744 1203 ου”νως
763 1148 802 1207 (λη,
816 1146 844 1198 ὦς
858 1146 889 1194 67
910 1147 1000 1206 άληθης
1018 1147 1074 1206 ἡμῖν

116 1217 234 1276 προφήτης
250 1221 350 1275 εἴρηκεν,
365 1221 455 1276 πρῶτον
470 1220 551 1275 ιφευθές
568 1221 601 1264 θεῖ
616 1222 689 1265 ἐλθεῖν
705 1219 856 1278 ευάγγέλιον8
871 1216 917 1266 άπὸ
935 1219 1025 1265 πλάνου
1039 1237 1074 1263 νι-

91 1285 168 1339 κῡνός,
183 1289 219 1332 καί
235 1286 280 1333 εἷθ’
295 1287 364 1338 οὕτως
380 1285 439 1344 μενά
455 1291 588 1344 καθαίρεσιν
611 1292 652 1334 σου
668 1288 734 1346 οἲγίου
752 1286 827 1334 κόπου
844 1287 975 1347 εὐαγγέλιον
991 1287 1074 1345 άληθές

117 1356 191 1414 κρύφα
208 1358 385 1415 ὁλαπεγκφθηναι
406 1363 437 1407 εἰς
453 1358 613 1416 ἐπανόρθωσιν
635 1362 678 1403 νων
694 1358 805 1415 ἐσομένων
821 1361 935 1415 αἱρέσεων
960 1360 997 1403 καλ
1015 1358 1073 1413 paco

118 1429 191 1472 σπάκα
207 1424 264 1484 πρὸς
280 1430 309 1487 κη]
325 1429 381 1473 σέλει
398 1427 468 1474 πάλιν
485 1432 576 1487 nocitor
591 1426 748 1489 Ἀυκίχριουον
766 1431 841 1474 ἐλθεῖν
857 1430 900 1482 θεῖ,
914 1430 951 1473 καί
967 1426 1018 1474 τότε
1034 1423 1075 1473 σὸν

119 1571 194 1611 rituum
210 1568 263 1609 duae
277 1567 378 1622 imagines
393 1568 469 1611 missae
483 1575 541 1624 sunt,
562 1570 634 1623 impuri
650 1570 732 1623 inquam
748 1573 768 1610 et
782 1568 837 1624 puri,
860 1581 934 1623 nempe
949 1571 1009 1623 niger
1025 1579 1075 1610 cor-

120 1640 169 1682 vus,
184 1632 204 1669 et
219 1626 293 1667 deinde
309 1626 403 1668 columba
418 1628 469 1669 aihu.
505 1627 555 1669 Item
571 1641 598 1669 ex
612 1629 704 1681 principe
719 1627 786 1680 gentis
801 1632 884 1669 nostrae
899 1627 1016 1668 Abrahamo
1034 1626 1075 1668 duo

95 1698 178 1751 reprimi
194 1697 496 1752 natisurt,primnslsmae1,
516 1704 589 1752 postea
608 1698 666 1740 isaac
687 1697 721 1752 qui
736 1710 747 1738 a
762 1697 806 1738 Deo
829 1697 947 1739 benedictus
967 1702 1004 1739 est.
1045 1696 1077 1737 Ex

121 1769 195 1810 eodem
210 1766 301 1807 similiter
314 1765 386 1807 Isaaco
402 1767 443 1809 duo
458 1768 525 1809 adhuc
541 1769 668 1823 exstiterunt,
683 1769 756 1822 impius
771 1767 832 1821 Esau,
848 1772 869 1808 et
883 1767 928 1820 pius
943 1766 1015 1808 Jacob.
1044 1766 1076 1808 Ad

120 1838 175 1879 hunc
189 1835 270 1877 modum
288 1835 361 1877 ordine
376 1839 460 1894 primus,
473 1844 496 1880 ut
505 1839 581 1880 mundo
593 1838 749 1893 primogenitus,
763 1835 863 1891 pontifex,
878 1836 952 1878 deinde
966 1837 1078 1890 legistator.

176 1906 234 1949 XVII.
264 1904 293 1947 Ita
309 1908 369 1948 etiam
385 1920 439 1960 quae
454 1915 541 1951 ventura
557 1915 603 1950 erat
617 1909 736 1963 conjugatIo
753 1909 806 1949 circa
822 1908 891 1962 Etiam,
908 1913 982 1960 sponte
996 1907 1078 1949 dimissa

120 1977 190 2019 estad
206 1977 260 2018 atiud
274 1979 360 2032 tempus,
376 1984 492 2020 commenta
507 1992 530 2020 se
545 1979 595 2021 alias
611 1984 712 2032 oportune
727 1978 794 2032 seipsa
809 1977 922 2018 fruituram.
953 1977 1022 2026 Quare
1032 1978 1077 2031 pri-

95 2056 115 2089 aa
121 2061 166 2089 mus
183 2048 249 2103 veuit,
267 2048 301 2101 qui
315 2048 369 2088 inter
382 2054 442 2089 notos
456 2049 575 2098 martiarum,¹
590 2049 664 2089 deinde
680 2048 783 2090 secundus
799 2048 891 2102 advenit,
908 2048 942 2102 qui
957 2049 1011 2088 inter
1023 2048 1079 2101 filios

121 2118 230 2158 ῖκοκκῖκκκκ,
260 2117 319 2158 Hunc
335 2117 442 2171 sequendo
460 2116 553 2158 ordinem
568 2116 613 2158 ficri
629 2117 710 2171 poterit,
726 2121 748 2157 ut
758 2116 881 2169 intelligatur
893 2116 918 2156 ad
934 2129 994 2169 quam
1004 2117 1078 2160 seriem

121 2190 224 2242 pertineat
239 2187 319 2243 Simon,
335 2189 369 2242 qui
384 2193 432 2229 ante
448 2201 480 2229 me
495 2188 571 2241 primus
587 2187 642 2228 venit
657 2187 683 2227 ad
697 2191 781 2239 gentes3
804 2191 825 2228 et
840 2186 865 2227 ad
881 2198 942 2240 quam
958 2198 999 2240 ego
1013 2186 1079 2239 perti-

122 2270 175 2311 neo,
191 2258 225 2311 qui
240 2257 288 2299 veni
302 2263 349 2311 post
364 2258 430 2313 illum,
450 2262 470 2299 et
485 2257 577 2300 successi
592 2257 648 2298 velut
662 2256 731 2298 lumen
749 2256 851 2311 tenebris,
874 2256 930 2297 velut
951 2256 1080 2311 ignorantiae

123 2327 218 2381 scientia,
234 2327 289 2368 velut
304 2327 377 2368 morbo
393 2327 475 2368 sanitas.
505 2326 534 2368 Ita
550 2327 636 2381 quippe,
652 2331 673 2367 ut
688 2326 747 2368 nobis
758 2326 808 2381 dixit
820 2337 882 2368 verus
891 2326 999 2382 Propheta,
1014 2327 1080 2380 primo

99 2398 196 2444 revenire
212 2402 292 2451 oportet
312 2397 384 2439 falsum
405 2397 533 2452 evangelium
550 2398 575 2438 ab
590 2397 702 2450 impostore
721 2396 819 2451 quodam,
840 2401 861 2438 et
882 2397 912 2438 sic
926 2396 1012 2452 deinde,
1033 2404 1080 2451 post

124 2469 191 2510 sancti
206 2468 246 2509 loci
261 2468 399 2524 eversionem,
421 2481 493 2510 uerum
509 2468 638 2523 evangelium
654 2468 678 2509 ad
694 2468 844 2509 correctionem
865 2467 980 2509 futurorum
1002 2468 1079 2510 haerc-

125 2550 177 2580 seon
194 2536 245 2577 ciam
260 2537 314 2578 mitti.
344 2537 369 2580 Et
382 2545 429 2592 post
445 2538 506 2593 haec,
522 2537 576 2578 circa
591 2537 664 2592 finem,
679 2538 751 2580 iterum
767 2538 843 2592 primus
858 2539 928 2579 veniet
938 2536 1080 2594 Antichristus,

157 2718 174 2753 1.
205 2712 242 2754 σοῦ
257 2714 335 2752 accessit
350 2727 373 2754 ex
388 2716 409 2753 0.
647 2718 665 2752 5.
696 2710 806 2767 ἀπολαβεῖν
827 2715 847 2752 0.
878 2716 922 2753 Tum
944 2714 1012 2752 inserui
1033 2711 1043 2752 ὁ
1063 2726 1079 2752 c.

155 2779 174 2812 2.
206 2768 267 2816 οὗτος
282 2786 304 2822 κη
320 2772 403 2822 σέξειθ,
418 2773 436 2810 iu
452 2786 510 2823 nrarg.
527 2769 592 2817 οὕτως
617 2774 688 2810 eodem.
719 2774 755 2810 cn.
770 2773 912 2819 traunturrr.
937 2774 1024 2819 Crcdner,
1040 2772 1081 2811 Boi-

127 2846 143 2869 τ.
159 2847 176 2870 ν.
192 2844 226 2880 pro
244 2832 360 2879 οοιηόοῖανα·1
376 2825 526 2882 οὗνσος[εἰο)νγ”γ
537 2830 592 2879 τάξει
617 2837 669 2880 trigo
685 2832 695 2880 l,
713 2833 760 2869 286.
777 2833 824 2868 305.

129 2891 148 2927 0.
179 2891 224 2929 Dein
240 2885 366 2941 προκάκοκος
381 2891 401 2928 G.
648 2895 665 2927 6.
696 2890 721 2927 ita
737 2890 763 2936 O,
778 2894 798 2926 ut
809 2891 846 2937 jum
861 2890 1012 2944 proposueratD.
1038 2890 1080 2927 Turn

158 2952 176 2986 3,
206 2950 269 2987 Aaron
285 2953 304 2985 et
318 2950 476 2995 posteatlopses.
497 2948 592 2995 tticum,
617 2948 682 2996 scripsi
698 2940 720 2997 ἦν
736 2941 927 2998 οκοοα]εεῖ,,ᾖ(ῖ,
943 2945 965 2998 ίγν
981 2947 1002 2985 O.

131 3011 163 3045 20.
178 3008 213 3055 vlt,
231 3011 249 3045 7.
269 3008 320 3045 Num.
335 3007 397 3053 XXVI,
415 3011 439 3045 59
461 3009 500 3045 cti
517 3006 593 3054 I'arnlip
647 3011 666 3043 7,
697 3001 706 3043 ὀ
724 3006 795 3054 adjunxi
810 3020 826 3045 c.
843 3007 863 3044 0.

130 3066 159 3112 VI,
176 3068 193 3103 3.
207 3067 269 3113 XXIII,
287 3069 319 3104 13,
338 3066 357 3103 C,
648 3067 666 3102 8.
697 3064 734 3101 on.
749 3065 806 3114 Baur,
821 3066 885 3102 Paulus
902 3076 920 3112 p.
937 3066 984 3103 219.
1001 3066 1019 3102 S.

159 3125 178 3159 4.
207 3125 234 3160 De
260 3125 333 3163 ‚Ioanne
360 3121 439 3171 Baptista
464 3123 512 3162 dicto
547 3122 593 3170 uria,

131 3181 191 3219 ttarrt.
206 3182 235 3228 XI,
253 3186 283 3222 14.
297 3183 352 3232 XVII,
363 3185 394 3231 ta,
408 3184 439 3219 13.
453 3182 494 3220 Luc.
510 3184 523 3230 I,
532 3185 563 3220 II,
574 3182 593 3218 G.
