2276 3612
535 236 577 281 319
916 238 962 289 xvi,
978 242 1042 278 r—c.

82 349 150 405 λέγει,
166 348 201 393 καλ
218 343 284 402 αὐτὸς
299 349 418 409 ψειίδεται,
433 353 453 394 εἰ
469 349 491 396 δὲ
507 350 534 397 καί
551 353 643 397 ἐναντία
659 353 728 410 λε’νυν
744 348 912 402 ἀποδείκνυσιν,
927 348 978 395 τότε
988 347 1042 408 εἰλη-

82 414 153 461 aeder.
183 414 224 465 ουίι
240 418 310 472 ίίλλκις
326 417 368 466 οὖν
383 420 424 466 τὸν
438 426 478 466 aaa
495 419 554 467 Θεὸν
569 423 627 466 εἶναι
643 424 736 479 λέγοντα
751 420 852 479 ψειίοτην
874 421 954 478 λέγεις,
974 424 994 465 εἰ
1009 418 1042 477 μη

82 506 102 530 τι
114 483 143 531 δν
155 485 189 532 ὅτι
202 489 300 541 nitiade
315 489 426 551 δοξάζῃς]
442 489 519 542 decdo.
545 489 650 542 Θεοὸςδλ
662 489 759 541 πολλοὺς
771 494 828 537 εἶναι
838 488 897 549 κείνω
906 491 916 518 ²
925 492 987 548 λίγα.
1017 491 1041 536 τὸ

82 552 137 599 αὐτὸ
153 554 196 602 οὖν
213 577 246 605 σοι
262 558 306 616 πρὸ
321 563 361 618 της
376 560 484 620 ζητήσεως
499 563 578 620 λέγων,
595 564 627 609 aot
639 563 733 618 ’μαλλον
746 564 909 619 προείληιιηιιαι.
941 560 1042 606 καλκατολ

81 627 147 669 κοντα
164 625 262 686 σίγανιείν
279 631 328 687 περὶ
345 635 401 688 ἐμοῦ
417 628 457 676 ου’τι
473 628 580 688 ὀφείλεις,
595 627 652 678 οἷλλοί
670 632 766 687 Πέτρος,
790 629 824 676 ὅτι
840 629 916 689 darida
932 630 993 691 αείτηί
1013 626 1057 677 eda

80 695 172 740 ἐναντία
189 700 269 754 φρονῶ.
299 697 393 758 uiorrap5
408 696 466 759 μεταλ
483 698 526 756 την
542 698 655 758 ὑμετέραν
671 698 760 758 ζήτησιν
775 701 855 756 ἐλπίζω
872 700 999 760 φιλαλήθης
1011 700 1041 747 τὸν

81 762 169 821 κριτής,
185 765 299 825 πρόληψιν
316 766 501 829 ἁποδησρξμενος,
515 771 545 830 τῷ
561 771 718 827 ἒπιιιραυοὺντι
730 771 858 815 συνθέσθαι
873 769 935 829 λόγῳ.
967 774 1040 827 audeo

80 837 119 879 που
136 833 220 904 πατρὸς
235 837 341 892 εἰπόντος
356 839 428 900 ἠρέμα
444 840 490 900 βοή
504 860 539 893 τις
555 842 650 886 ἐπαίνου
666 845 688 885 ἐκ
709 841 753 884 τῶν
769 837 839 900 ὄχλων
854 843 939 898 ἐγένετο
957 844 993 887 ε’πί
1011 845 1041 900 νηί

81 904 150 954 σίκυς
166 904 206 952 τὸν
222 910 306 967 πατέρα
316 912 479 974 διαλεχθῆναι.

137 978 159 1020 V.
190 979 237 1023 Καὶ
254 975 313 1036 ὄψεώς
328 979 340 1027 0‘
357 985 442 1041 Πίερος
456 988 510 1041 ἔφη·
534 982 588 1040 ἐγώ,
611 977 640 1032 οἷς
660 977 672 1024 ὸ
692 983 736 1026 τῶν
752 979 822 1037 λόγων
837 981 930 1038 μεσίτης
946 984 1077 1037 ripariorum

79 1057 152 1093 ποιεῖν
166 1047 256 1106 ἕτοιμός
268 1055 328 1107 atur,
343 1055 378 1098 καλ
393 1051 435 1111 ἤδη
451 1058 506 1099 ποτὲ
522 1049 565 1110 πρὸ
582 1050 657 1109 ποίσης
673 1048 790 1108 οἷναβολῆς
806 1046 830 1095 νδ
847 1045 903 1104 ἔνι-(λδ
915 1052 965 1104 περὶ
981 1051 1040 1095 (96ού

79 1115 208 1174 ἐκθήσομαι
224 1117 337 1179 ψρὸνηιια.
368 1122 426 1182 κιίγαλ
443 1132 482 1170 ἕνα
500 1120 560 1181 Θεὸν
576 1125 634 1169 εἶναι
650 1124 717 1180 λέγω,
731 1119 773 1167 τὸν
787 1119 928 1177 πεποιηκότα
944 1116 984 1164 τὸν
1000 1118 1040 1165 οδ-

79 1184 148 1245 ρανὸν
164 1190 199 1233 καί
217 1185 259 1245 την
273 1193 318 1249 νην
334 1194 369 1237 καὶ
386 1182 413 1237 καλ
429 1200 452 1241 ἐν
469 1191 544 1245 αὐτοῖς
560 1190 645 1239 πάντα.
682 1190 751 1237 ι’ίλλον
767 1209 790 1235 κε
809 1188 862 1236 οὔτε
879 1191 964 1249 λέγειν,
987 1189 1040 1236 οὸκε

77 1258 178 1312 νομίζειν
193 1262 284 1310 ἔξεστιν.
314 1263 349 1307 καὶ
366 1261 377 1306 ὁ
395 1265 482 1321 Σίιιαν·
506 1260 545 1322 εἠιὸ
563 1264 604 1309 δέ4
620 1281 678 1321 ψηιιι
694 1258 735 1311 τὸς
751 1261 934 1315 πεπιστευμένοις
949 1257 1040 1318 ruamus

16 1363 17 1368 ,
78 1326 140 1384 παραὶ
154 1322 273 1380 Ἰουδαίοις
289 1328 388 1382 παλλακίς
406 1334 477 1391 λέγειν
493 1332 574 1386 θεούς,
590 1335 626 1379 καὶ
641 1331 673 1390 μή
689 1333 837 1394 χαλεπαίνειν
857 1332 893 1375 ἐπὶ
909 1329 982 1389 κοτίνῳ
998 1327 1038 1375 τὸν
1046 1342 1064 1376 15

79 1395 150 1451 Θεὸν,
165 1400 195 1455 κη]
211 1395 282 1445 αὐτὸν
298 1396 333 1445 διὸ
350 1402 499 1459 inapparatu
515 1401 587 1449 αὐτου
605 1398 704 1452 πολλοτίς
719 1396 808 1449 θεοὸς5
824 1401 943 1457 εἰρηκέναι.

134 1466 166 1511 Vl.
194 1464 284 1514 Αὐτίκα
300 1471 358 1526 podo
374 1475 397 1515 ἕν
420 1472 448 1529 τῇ
470 1471 547 1530 πρώτη
563 1473 625 1530 φανῇ
640 1472 681 1516 τοι]
697 1467 771 1527 νόμον
787 1470 891 1525 φαίνεται
914 1471 950 1514 καὶ
966 1470 1038 1526 ἑαυτῷ

77 1633 113 1676 ec,
130 1621 165 1674 qui
179 1623 275 1664 ementita
290 1623 389 1679 loquitur,
405 1624 449 1677 ipse
464 1635 548 1678 quoque
564 1628 620 1666 esset
635 1621 733 1663 mendax:
749 1621 832 1664 sivero
849 1622 952 1663 contraria
968 1620 1038 1662 dicere

76 1702 99 1732 se
115 1692 216 1747 ostendit,
234 1698 283 1735 tunc
298 1706 360 1737 verus
377 1700 413 1737 est.
453 1693 500 1736 Non
523 1695 561 1736 alia
577 1706 628 1748 ergo
649 1694 729 1737 ratione
744 1692 909 1747 praedicatorem
925 1693 984 1734 unius
1000 1692 1037 1734 Uei

76 1773 122 1802 esse
137 1763 257 1805 mendacem
273 1765 409 1821 pronuncias,
425 1765 464 1807 nisi
480 1766 526 1820 quia
541 1765 615 1808 multos
630 1766 688 1807 Deos
705 1777 752 1807 esse
768 1775 848 1806 censes.
882 1762 946 1818 Atqui
962 1764 1064 1806 multosao

76 1831 130 1875 Deos
146 1845 193 1876 esse
209 1846 249 1889 ego
266 1848 348 1890 quoque
364 1837 403 1877 aio.
433 1834 489 1877 Idem
504 1836 577 1891 igitur,
602 1835 657 1890 quod
673 1840 704 1891 tu,
727 1839 773 1876 aute
794 1834 964 1886 disceptationem
985 1834 1037 1890 dico,

76 1907 95 1943 et
110 1915 147 1956 pro
163 1909 183 1946 te
199 1905 265 1959 potius
281 1918 325 1948 sum
341 1911 458 1960 occupatus.
496 1906 564 1954 Quare
587 1919 629 1948 non
653 1906 716 1948 debes
736 1905 762 1946 de
781 1917 814 1946 me
830 1916 876 1946 esse
892 1905 974 1960 anxius,
1000 1906 1036 1947 sed

76 1973 157 2028 Petrus,
180 1974 227 2028 quia
243 1974 309 2016 adhuc
331 1981 402 2017 contra
424 1980 485 2029 atque
505 1976 538 2017 iile
563 1976 636 2018 sentio.
676 1976 788 2029 Propterea
809 1980 856 2028 post
879 1974 1037 2030 disputationem

76 2051 165 2105 vestram
181 2057 253 2099 spero,
273 2045 328 2100 quod
343 2046 387 2087 veri
403 2044 508 2088 studiosus
520 2045 597 2100 puden,
620 2046 711 2100 deposita
731 2045 886 2099 anticipatione,
911 2046 1037 2099 praevalenti

75 2128 214 2159 consensurus
230 2116 267 2157 sim
284 2115 376 2158 orationi.
406 2115 462 2157 Haec
478 2129 523 2157 cum
538 2120 596 2169 pater
610 2116 700 2171 dixisset,
716 2116 792 2158 sensim
802 2115 879 2157 clamor
894 2116 976 2171 quidam
989 2117 1036 2158 lau-
1045 2121 1063 2152 25

74 2185 161 2229 dationis
176 2200 188 2228 u
203 2187 279 2241 populo
295 2191 380 2229 exortus
397 2191 437 2240 est,
454 2187 551 2240 quoniam
563 2187 590 2228 ita
606 2193 665 2240 pater
680 2191 736 2229 essct
750 2186 839 2228 locutus.

130 2257 153 2298 V.
184 2256 248 2299 Porro
265 2257 336 2300 Petrus
352 2257 411 2299 dixit:
428 2268 476 2311 ege,
492 2257 544 2299 sicut
557 2257 712 2300 controversiae
722 2256 799 2298 arbiter
808 2256 957 2310 pronunciavit,
973 2269 1036 2310 agere

73 2339 117 2368 sum
133 2332 224 2380 paratus:
237 2328 322 2383 Jamque
338 2327 416 2383 absque
440 2327 480 2368 ulia
496 2339 554 2369 mora
569 2340 634 2369 meam
660 2328 685 2369 de
708 2328 753 2369 Deo
777 2327 900 2370 sententiam
922 2328 1035 2381 explicabo.

73 2396 138 2438 Unum
154 2409 194 2452 ego
212 2410 258 2439 esse
273 2399 338 2439 Deum
355 2411 437 2453 assero,
457 2398 585 2439 conditorem
600 2398 653 2439 coeii
669 2402 688 2438 et
703 2404 773 2439 terrae
789 2399 921 2452 omniumque
941 2397 965 2439 iis
981 2409 1034 2438 con-

72 2471 180 2509 tentorum.
211 2468 242 2509 Ac
257 2468 317 2510 ulium
332 2462 495 2524 neque'dicerm
511 2481 579 2522 neque
596 2469 711 2512 existimare
727 2469 781 2510 iicet.
818 2469 867 2509 Tum
890 2468 968 2512 Simon:
988 2468 1032 2522 Ego
1041 2475 1060 2506 au

73 2544 139 2580 autem
155 2539 200 2593 aio,
216 2551 227 2579 a
242 2537 352 2593 Scripturis
368 2553 421 2595 (puae
435 2540 488 2593 apud
503 2539 595 2582 Jrrdaeos
617 2540 738 2596 creduntur,
761 2539 800 2580 dici
820 2539 894 2582 multos
910 2539 975 2593 Deos,
995 2550 1033 2579 nec

72 2610 98 2651 de
113 2622 139 2652 eo
155 2621 280 2652 succensere
295 2611 361 2653 Deum
367 2645 373 2667 ‚
389 2611 484 2666 quonium
496 2611 540 2665 ipse
557 2623 594 2664 per
609 2610 723 2664 Scripturas
745 2622 793 2653 suus
815 2610 884 2663 plures
904 2609 962 2651 Deos
981 2620 1033 2661 pro-

72 2681 152 2721 locutus
169 2684 205 2721 est.

128 2748 159 2790 VI.
190 2749 259 2793 Statim
275 2763 326 2805 ergo
342 2751 362 2793 in
377 2753 441 2807 prima
456 2753 508 2808 legis
523 2765 574 2795 voce
587 2752 632 2795 iilos
648 2750 723 2794 similes
739 2762 763 2792 ac
783 2763 806 2793 se
819 2750 939 2805 praedicare
955 2748 1030 2801 digno-

104 2991 121 3024 1.
152 2984 240 3035 δοξάζεις
256 2987 275 3025 G.
592 2990 611 3025 4.
642 2984 665 3025 λε’
679 2997 714 3024 θυι,
732 2987 753 3024 0.

102 3050 121 3083 2.
152 3042 200 3096 ψημλ
225 3046 246 3085 0.
285 3045 388 3085 Lectionum
411 3044 483 3098 λέγων,
505 3044 537 3087 σοὶ
593 3048 611 3083 5.
641 3046 676 3082 Pro
697 3047 739 3086 vbir,
761 3039 794 3081 καὶ
816 3040 840 3093 μὴ
862 3039 988 3093 χαλεπαίνειν
1004 3065 1031 3070 --

27 3105 29 3110 ’
72 3105 155 3151 ejusdem
172 3106 217 3145 God.
232 3106 268 3153 jam
290 3104 333 3142 vidit
349 3105 374 3150 C,
394 3106 412 3143 in
436 3109 471 3154 cuj.
486 3113 536 3145 textu
563 3099 652 3147 πολλοὺς.Ι
667 3100 729 3148 θεοὺς
749 3104 812 3139 lacuna
833 3106 860 3137 est
881 3100 898 3136 in
916 3102 937 3139 0.
976 3101 1032 3138 uxo

73 3160 122 3212 λεἠαι
139 3160 176 3201 σοί.
563 3163 638 3210 reposui
662 3162 702 3201 τῶν
729 3166 770 3199 unte
797 3158 880 3210 ηραψῶν
902 3172 911 3196 a
938 3160 957 3197 Gi
979 3166 997 3198 et
1019 3162 1032 3197 S

102 3223 120 3258 3.
152 3216 201 3272 ὅπερ
217 3222 237 3258 G.
564 3222 654 3258 omissum
