2276 3612
97 216 128 266 lu,
143 218 208 256 4-6.
559 213 601 258 232

38 370 40 373 Α
96 324 147 375 τότε
163 329 224 389 αὐτῷ
236 334 267 381 εἰς
282 327 324 386 τόν
339 330 381 374 τοὺ
397 328 460 374 Θεοῦ
476 326 716 389 εἰκόναεάσεβκίσαντι
731 328 827 375 doceret
844 326 932 387 ἀγαθός
952 333 1062 390 λογισθῆ-

89 416 136 446 ,ναι
151 399 248 457 ιιισθός·
270 394 286 445 ὦ
306 399 364 459 λόγῳ
385 402 405 445 εἰ
420 400 458 445 καί
474 401 548 445 ταύτα
564 410 639 447 ποιεῖν
656 398 690 459 ,κά
713 394 877 456 ἀναδέξηταιῑ,
899 397 929 451 ἀς
950 399 1063 460 ἀμελήσας

97 471 138 528 τῆς
154 467 240 525 εἰκόνος
255 467 431 527 κολασθήσεται.
450 491 451 494 “
772 466 774 472 ’
917 469 919 473 ’

156 542 178 584 V.
211 538 268 584 Οἷαν
284 533 327 585 orio
342 543 388 586 ἐστι
403 541 477 599 λέγειν
492 543 562 596 ποτέ,
577 539 612 587 ὅτι
627 534 740 600 εὐσεβείας
756 540 796 598 τῆς
812 543 843 590 εἰς
857 538 919 586 Θεὸν
935 539 1002 602 χάριν
1018 544 1064 588 πά-

85 622 142 656 tour
157 605 265 667 ιιορςοάν2
281 607 415 666 σεβόμενοι,
437 608 477 656 τόν
492 609 619 669 ἀνθρωπον
641 607 682 670 τήν
697 610 767 661 ὄντας
784 610 862 657 εἰκόνα
885 613 943 657 θεόν’
963 608 1019 657 ὄντα
1039 618 1063 661 ἐν

99 681 169 725 ποίοιν
184 680 337 737 ἐνυβρίζετεῖ
352 678 500 737 φονεύοντες,
522 682 681 743 μοιχεύοντες,
703 682 837 731 κλέπτοντες
857 683 891 727 καί
913 680 970 728 κατά
991 684 1064 731 collat

99 748 156 794 ἀλλα
172 745 333 805 demoratam,-
348 754 413 811 ἐχρῆν
429 751 452 797 ἀὲ
468 751 521 810 (καθ’
537 751 580 800 ‘dol‘
594 750 663 798 κακόν
679 749 798 809 πράττειν,
815 749 842 797 dr'
860 750 872 798 ὃ
887 751 1010 809 ἀνθραπος
1024 756 1063 800 λα-

99 816 206 864 carceri·
223 821 266 866 νύν
280 819 304 865 ἀὲ
319 817 398 866 πάντα
415 821 539 880 πράττετε,
561 821 587 867 clr'
604 820 636 867 ἀ6
658 821 781 878 ἀνθρωπος
801 818 897 879 ἀθυμεῖ,
922 821 997 868 ἀάικία
1020 823 1064 883 γάρ
1132 872 1134 875 ,

99 892 135 935 καί
151 885 352 947 ἀθαιιίανίνεται.
391 887 427 937 ἀιά
445 894 513 938 τοότο
530 892 656 950 φανεάετε7
678 894 714 938 καί
731 894 864 950 ἀφαιρεῖσθε
880 890 907 938 κά
924 889 1007 947 αὐτοῦ,
1029 903 1066 948 καὶ
1131 890 1133 936 Ῑ

75 958 140 1007 loono
156 957 212 1007 dile
229 962 288 1015 ἴστε,
303 959 363 1019 ἀπερ
379 967 465 1007 παθεῖν
482 958 509 1006 ον’
527 963 613 1007 θέλετε.
649 958 713 1018 ἀρκεῖς
734 961 757 1006 ἀί
772 963 857 1020 ἑρπετῷ
883 962 928 1008 τινί
949 959 1063 1024 κακούργῳ

99 1028 156 1087 πρὸς
176 1031 257 1076 κακίαν
277 1026 438 1093 ἀπατηθέντος
457 1028 555 1090 ἀπονοία
574 1032 690 1078 nolentem
709 1026 822 1088 γνώσεως,
844 1035 877 1083 εἰς
894 1036 940 1089 μὲν
962 1029 1005 1090 τάν
1025 1032 1064 1079 όν-

99 1119 141 1151 cor
157 1100 248 1154 εἰκόνα,
262 1099 318 1160 ὅπερ
334 1104 394 1148 ἐστίν
414 1100 548 1158 ἀνθραπος,
571 1097 683 1161 ἀσεβεῖτε,
705 1103 737 1151 εἰς
756 1101 779 1146 ἀὲ
798 1098 827 1147 κά
851 1099 980 1161 ἀναίσθητα
1002 1101 1064 1150 εάσε-

99 1174 149 1231 βεῑν
165 1172 254 1216 ἀσκεῖτε.

156 1242 188 1285 VI.
222 1243 289 1293 Τινὲς
311 1242 333 1288 dt
354 1242 457 1300 λέγουσιν
463 1275 470 1296 ,
493 1246 513 1287 εἰ
531 1237 565 1300 μή
583 1239 668 1303 ἢθελεν
688 1235 747 1287 αάτά
768 1241 838 1295 εἶναι,
856 1238 897 1288 οόκ
917 1239 946 1288 ἀν
964 1240 1001 1301 ἧν,
1016 1240 1064 1291 ἀλλ’

76 1311 222 1373 15ἀνῃρεῑτο8
240 1310 275 1357 ἀν.
306 1314 365 1370 φημί
385 1309 457 1372 κάγώ,
477 1313 544 1359 τούτο
560 1311 650 1363 πάντας
665 1315 735 1368 ἔσται,
755 1309 812 1356 όταν
828 1310 916 1365 πάντες
931 1310 972 1371 τάν
988 1310 1064 1361 adedo

100 1381 156 1442 πρός
174 1378 246 1429 αὐτόν
269 1383 353 1435 deltam
373 1384 518 1441 προαίρεσιν,
533 1383 570 1427 καί
587 1379 657 1431 οὕτως
672 1378 759 1440 ἀλλαγά
773 1383 816 1428 τοὺ
832 1384 877 1427 τόν
891 1382 1010 1439 γενήσεται
1025 1381 1064 1431 κό-

100 1470 167 1512 σμον.
197 1450 257 1509 πλὴν
277 1456 297 1498 εἰ
318 1454 355 1498 καί
371 1451 441 1502 τόκοις
460 1448 571 1508 η’θέίετε9
591 1447 662 1498 αὐτόν
682 1454 788 1509 ποιήσαι,
806 1458 845 1497 ἵνα
860 1454 932 1510 μηδὲν
948 1456 992 1500 τόν
1008 1472 1064 1512 προ-

101 1596 141 1638 Dei
155 1596 265 1650 imaginem
280 1595 378 1650 pietatem
394 1597 511 1652 exercenti,
533 1595 588 1638 bona
602 1598 670 1649 potest
685 1595 779 1650 imputari
800 1607 892 1639 merces:
915 1609 955 1651 qna
978 1597 1064 1655 ratione,
1131 1598 1138 1643 f

103 1667 120 1710 si
135 1668 174 1710 ista
188 1665 259 1708 lacere
275 1670 369 1720 recuset,
386 1666 445 1720 quasi
461 1666 495 1720 qui
511 1667 644 1708 oontemserit
657 1667 779 1721 imaginem,
795 1666 896 1720 punietur.

15 1736 17 1739 ’
77 1745 97 1779 to
159 1738 182 1780 V.
212 1736 245 1779 An
259 1736 321 1791 igitur
337 1735 378 1777 dici
392 1740 472 1792 potest,
487 1740 573 1791 propter
587 1737 684 1790 pietatem
700 1749 751 1791 erga
766 1737 833 1778 Deum
853 1737 895 1779 coli
918 1751 999 1781 omnem
1015 1739 1062 1781 for-

101 1820 165 1862 mam,
187 1806 204 1850 si
225 1806 339 1862 hominem,
365 1819 436 1848 veram
461 1806 499 1848 Dei
522 1808 642 1863 imaginem,
667 1808 688 1848 in
710 1807 805 1849 omnibus
833 1809 958 1850 contumelia
978 1809 1063 1867 allicitis,

102 1876 225 1933 occidendo,
241 1877 388 1933 adulterando,
403 1877 503 1933 furando,
523 1879 544 1919 in
558 1878 625 1920 multis
642 1877 684 1920 aliis
700 1878 784 1932 indigne
800 1878 938 1932 accipiendo?
973 1880 1064 1935 Oporte-

100 1949 136 1991 bat
152 1953 219 1991 autem
234 1960 260 1990 ne
276 1959 339 1990 unum
354 1947 437 2002 quidem
456 1948 531 1990 malum
547 1949 685 2004 committere,
707 1961 745 2002 per
761 1948 817 2003 quod
838 1936 901 1992 homo
923 1952 1063 1995 contristetur.
1129 2003 1130 2006 Ἰ

100 2018 160 2060 Nunc
174 2031 226 2062 nero
243 2024 316 2062 mulcta
331 2018 397 2062 facitis
413 2020 488 2074 quibus
502 2020 564 2063 homo
582 2021 670 2073 angitur.
700 2020 776 2075 lnjuria
794 2021 847 2061 enim
859 2020 920 2062 etiam
932 2023 1025 2066 anxietas
1036 2024 1063 2067 fit.
1130 2052 1131 2065 ι

78 2091 149 2134 taldeo
165 2090 278 2133 interficitis
295 2096 365 2133 eires
381 2090 434 2133 illius
450 2090 534 2132 aufertis
550 2095 571 2132 et
586 2102 729 2144 quaecumque
745 2091 784 2131 alia
800 2090 867 2146 scitis,
888 2103 941 2145 qnae
957 2105 1000 2135 non
1015 2095 1063 2136 vul-

101 2162 126 2204 tis
142 2162 188 2216 pati.
226 2161 269 2203 Vos
285 2166 353 2202 autem
373 2172 384 2201 a
407 2160 497 2215 maligno
518 2159 608 2213 quodam
629 2165 728 2213 serpente
749 2160 774 2200 ad
796 2159 890 2200 malitiam
913 2160 1003 2218 decepti,
1025 2176 1063 2218 per
1130 2158 1138 2193 s

101 2232 240 2287 suspicionem
256 2231 370 2274 sententiae
386 2231 461 2274 multos
477 2231 529 2273 deos
548 2230 676 2285 inducentis,
699 2231 719 2271 in
741 2243 791 2272 vera
811 2230 893 2285 quidem
916 2232 1005 2288 imagine
1025 2247 1062 2277 sou

101 2301 185 2344 homine
200 2301 254 2357 impii
270 2302 330 2358 estis,
344 2302 365 2343 in
381 2302 443 2343 nehus
459 2314 510 2344 vero
526 2313 589 2344 sensu
605 2300 705 2343 destitutis
719 2301 746 2355 pii
762 2300 821 2343 vobis
836 2301 939 2343 videmini.

160 2373 193 2415 Vl.
222 2374 317 2415 Nonnulli
337 2380 404 2416 autem
421 2373 503 2430 dicunt,
518 2374 536 2417 si
552 2373 652 2416 noluisset
666 2372 723 2414 Deus
739 2384 764 2413 ea
781 2384 834 2426 esse,
850 2373 921 2427 utique
938 2386 981 2417 non
997 2375 1063 2417 exsti-

78 2445 183 2500 aotissent,
198 2445 234 2486 sed
249 2444 335 2487 fuissent
350 2443 435 2487 sublata.
473 2443 519 2499 Ego
535 2441 620 2499 quoque
634 2443 713 2497 fateor,
728 2442 748 2483 id
764 2444 848 2484 omnino
864 2444 964 2501 futurum,
980 2446 1063 2499 quando

103 2527 176 2558 omnes
191 2526 249 2558 suam
264 2527 314 2569 erga
328 2514 394 2556 Deum
411 2515 538 2557 ostenderint
553 2515 685 2569 voluntatem,
702 2518 787 2566 tumque
803 2513 864 2567 huJus
880 2515 949 2556 mundi
961 2515 1063 2558 solemn*

103 2586 208 2628 tationem.
244 2584 388 2627 Verumtamen
409 2585 469 2627 etiam
490 2586 507 2627 si
526 2584 586 2626 vultis
606 2584 660 2625 illum
679 2584 706 2626 iia
722 2583 799 2638 fucere,
819 2589 841 2626 ut
857 2584 904 2627 nihil
921 2598 993 2627 eorum
1010 2598 1063 2641 quae

133 2747 152 2783 l.
183 2738 289 2793 ἀναδίξητε
305 2743 326 2781 0.
625 2745 645 2783 t.
674 2741 732 2789 nas,
749 2737 919 2791 φονεύεσθεῦθ.
949 2744 992 2780 Tum
1004 2737 1063 2792 ἀφαι-

133 2809 152 2842 2.
181 2802 290 2840 Audendum
315 2799 358 2841 ε’στε
379 2808 423 2851 post
442 2799 529 2854 μορφήν.
552 2801 571 2841 S.
596 2800 711 2853 ρεῖσθαιθ.
741 2800 811 2838 Deinde
826 2795 879 2840 ἐστίν
894 2813 912 2850 p.
929 2795 969 2840 ίσιε
985 2803 1063 2849 conj.D.

104 2866 147 2901 Tum
163 2855 198 2901 κατ’)
219 2874 237 2910 p.
254 2857 288 2912 τὴν
303 2860 324 2900 0.
364 2862 434 2901 Forsan
454 2861 572 2900 scribendum
626 2862 645 2899 8.
677 2855 762 2909 ἀνῄρητο
779 2859 800 2897 0.
831 2861 898 2898 Postea
913 2860 1004 2909 adscripsi
1015 2857 1062 2899 πάν-

105 2928 133 2961 est
147 2917 181 2973 τὴν
196 2919 232 2959 τοῦ
248 2914 311 2963 ὅντως
325 2919 376 2958 θεοῦ
392 2917 459 2961 εἰκόνα
474 2915 530 2961 όντα,
597 2931 629 2962 ιτς
644 2930 660 2958 c.
675 2918 747 2956 eodem.

133 2984 151 3019 3.
182 2975 317 3032 ἐνυβρίζοντος
332 2978 352 3016 G.
628 2981 646 3015 9.
676 2971 751 3022 οὕτως,
766 2974 784 3016 εἰ
797 2974 868 3016 θέλετε
884 2977 920 3014 C.»
938 2977 996 3015 deu
1017 2976 1064 3015 sori-

132 3043 151 3077 4.
181 3034 240 3090 μηδὲν
254 3051 272 3087 p.
288 3032 331 3088 μηδ’
350 3032 370 3075 ἓν
386 3035 407 3073 0.
597 3037 677 3075 bendum
692 3037 767 3084 putabat
782 3032 834 3086 πλὴν
856 3030 922 3075 εἶκαὶ
937 3032 1010 3076 σίτοισί
1029 3033 1065 3074 θί-

134 3099 151 3135 5.
182 3098 260 3137 λυπεῖτε
276 3097 298 3136 0.
597 3095 641 3134 λετε
656 3090 716 3133 αὐτὸν
730 3094 822 3146 moment:
848 3100 984 3148 „verumtamen
1005 3095 1021 3133 si
1036 3091 1082 3132 εἰτ’

135 3161 153 3194 [t.
182 3153 265 3205 tiso
282 3151 291 3194 il
308 3155 329 3195 O.
359 3157 403 3193 Tum
418 3150 451 3194 καί
467 3148 491 3196 ἀν
506 3168 524 3207 p.
538 3148 573 3195 καί
596 3153 649 3191 vultis
667 3165 707 3191 eum
722 3153 803 3192 taceres
822 3153 841 3192 S.
877 3153 916 3191 llea
932 3155 1004 3203 quidem
1019 3166 1062 3192 sen·
1136 3147 1138 3165 ⁵

106 3213 159 3253 idem.
188 3215 233 3255 Dein
249 3215 284 3255 τοῦ
298 3228 317 3266 p.
332 3213 392 3255 τοῦτο
410 3211 431 3250 0.
598 3213 653 3252 tentia
669 3212 764 3252 delendum
780 3209 798 3253 εἰ
811 3217 856 3265 post
870 3209 927 3265 πλήν.
