2276 3612
86 223 124 270 xn,
142 227 167 262 ao
178 226 234 261 -aa
541 217 584 261 278

86 336 220 390 μιζσμένοις
242 337 396 391 dicereturve
423 329 509 383 αὐτούς
530 336 561 384 εἰς
579 330 619 378 τιλν
641 333 700 381 Θεὸν
723 329 764 378 τὸν
784 330 844 377 οὕτω
867 329 1051 390 βουλευσάμενον

87 400 230 463 εὐσεβοῦσιν.

145 476 215 518 XXXI.
251 470 321 531 Κολγολ
344 468 400 529 πρὸς
421 473 495 517 ταυτα
519 458 688 555 οἷαεκρινολμιγν·
714 470 796 517 οὐκουν
816 476 836 516 oi
858 471 991 522 ἀδικοῦντες
1010 471 1052 517 otu

89 547 146 591 εἰσίν
162 548 242 592 ωῖτισι
258 541 293 588 ὅτι
309 543 380 600 κρίσει
397 542 457 587 Θεου
473 538 577 588 ολιλικουσι
592 538 648 594 τοιλς
664 543 770 594 δικαιᾛους
801 538 865 588 καλέ
891 542 1005 598 Πέτρος
997 546 1050 598 έφνγ·

75 616 127 660 ικαὶ
143 613 205 659 radon
221 611 407 670 ολμαρτολνουσιν,
423 608 480 669 πρὸς
495 610 538 671 γολρ
554 613 579 659 τὸ
596 611 738 673 ἁμαρτάνειν
762 611 857 665 ἑαυτσιλς
879 610 1051 662 devastandam.

89 683 144 729 ὅθεν
159 683 220 734 stride
236 679 275 728 τίκτ’
292 682 386 728 αὐτων1
401 684 514 741 ἐκλέγεται
530 696 635 743 τιμωρεῖν
651 682 705 735 τοιλς
727 686 763 730 aa
778 693 825 733 τοῖς
846 684 963 741 προτέροις
977 680 1052 739 αμαρ-

89 753 173 812 τήμασι
186 755 388 813 μεταμεληθέντας
403 754 503 807 ιλικαίως,
526 760 564 800 ἵνα
585 766 630 806 τοῖς
651 759 695 813 μέν
712 755 806 805 ιλικαίσις
827 752 863 801 did
886 755 926 810 τῆς
945 749 1053 809 τοιαύτας

89 826 197 882 τιμωρίας
212 822 240 869 τοί
256 821 299 882 apd
315 824 356 879 τῆς
372 827 497 882 μετανοίας
519 827 654 886 πραχθέντα
678 826 754 885 ολφεθῄ
774 821 839 871 κακοί.
877 832 923 873 τοῖς
943 823 966 868 dd
982 840 1050 879 τιμω-

89 896 168 951 ρούσιν
185 894 276 952 ιῖσεβέσι
291 904 409 954 κακουχεῖν
433 896 576 951 εἰτιθυμούσι
598 898 634 942 καί
649 905 768 953 μετανοεῖν
783 892 816 951 μὴ
832 895 941 940 θέλουσιν
953 895 985 943 εἰς
996 889 1053 938 σίνα-

67 960 203 1020 1υαλκλρωσιν
218 963 296 1013 ἰιλίας2
311 963 423 1014 κολάσεως
437 965 536 1014 δικαίους
556 975 673 1024 κακουχεῖν
697 964 854 1025 συνεχωρήθη,
876 962 931 1010 ἄνευ
950 960 992 1021 γελρ
1013 963 1053 1018 τῆς

91 1036 132 1078 κου’
149 1034 210 1079 Θεοιλ
225 1036 310 1091 βουλῇς
327 1033 379 1080 ουίλέ
398 1032 507 1092 στρουθὸς
522 1040 545 1079 έν
562 1035 662 1091 κιαγίιλιὸ
676 1040 782 1094 ἐμπεσεῖν
798 1041 851 1096 ἔχει·
874 1033 944 1085 οὕτως
964 1033 1053 1079 taucica

92 1106 129 1149 καί
146 1108 168 1148 αἱ
183 1105 255 1163 τρίχες
270 1106 300 1163 τοι
317 1105 366 1162 Θεῷ
381 1106 515 1162 ἐναρίθμιοί
530 1109 594 1151 εἰσιν.
903 1141 911 1158 ι,

148 1175 227 1218 XXXII.
259 1177 351 1224 Δίκαιος
366 1173 389 1217 (λέ
405 1178 466 1220 ἐστιν
482 1178 575 1227 ἐκεῖνος,
597 1173 666 1219 davd
686 1172 779 1234 εὐλόγου
794 1181 859 1220 ἑνεκα
882 1176 911 1233 τῇ
927 1170 992 1232 φύσει
1007 1191 1055 1231 μα-

93 1245 196 1306 χιλμενσς.
233 1244 300 1290 ciaet
316 1246 372 1289 τεοῖσι
389 1242 508 1301 πρόσεστιν
523 1251 546 1291 ὲκ
563 1241 650 1302 φύσεως
665 1243 787 1301 φιλούντας
803 1249 890 1300 φιλεῖν,
905 1246 989 1294 ιλίκαιος
1002 1261 1052 1287 κει-

69 1317 160 1372 15ρολται
177 1317 212 1361 καί
230 1310 325 1374 ἐχθροιλς
341 1310 435 1371 dyonea
451 1317 487 1360 καί
503 1315 662 1371 λοιιλοροῠντας
683 1310 793 1373 εὐλογεῖν,
814 1320 846 1360 ε”τι
869 1310 916 1373 μὴν
941 1316 976 1359 καλ
996 1309 1054 1368 data

93 1388 181 1445 ἐχθρων
196 1385 317 1446 εὔχεσθαι,
333 1383 468 1434 ολιλικουντας
484 1385 578 1431 ελεεῖν5
614 1382 648 1430 did
670 1388 707 1431 καὶ
723 1383 917 1443 ιιροαθικεῖσθαι6
938 1380 1054 1444 ολαέχεται,

94 1459 130 1501 καὶ
146 1452 207 1512 ὁιωλς
223 1456 396 1513 καταρωμένους
413 1452 508 1512 εὐλογεῖ,
531 1455 644 1501 τίκτουσι
664 1465 782 1527 συγχωρεῖ,
802 1449 951 1501 ιλιοίκουσινι
937 1462 1054 1513 υκοχωρεῖ,

94 1543 127 1582 μιγ
142 1522 315 1584 ασκαζομένους
331 1521 470 1581 ασαοίζεται,
493 1536 537 1576 τοῖς
553 1524 593 1570 οὐκ
609 1523 698 1609 έχουσιν
718 1528 749 1570 ων
772 1523 817 1586 έχει
832 1532 944 1580 κοινωνεῖ,
969 1520 1056 1580 ὀργιζό-

95 1615 166 1654 μενον
182 1598 285 1649 cerem,
300 1596 340 1642 τὸν
357 1591 441 1654 ἕχθρὸν
458 1594 538 1641 ιλιαλλ
511 1599 593 1650 λασσει,
609 1614 649 1647 τον
664 1595 751 1655 ααειθχ
762 1599 896 1653 παρακαλεῖ,
909 1590 1056 1639 τὸνίίτιιστον

70 1740 147 1781 aotiunt
162 1751 211 1794 erga
229 1751 276 1794 eos,
300 1738 334 1792 qni
356 1738 405 1791 ipsis
420 1737 513 1792 inJ'uriam
535 1737 612 1779 inferre
636 1743 741 1794 putantur,
761 1739 782 1779 in
803 1737 868 1779 Deum
893 1737 927 1791 qui
946 1737 972 1778 ita
989 1736 1057 1779 statuit

96 1810 122 1864 pii
140 1814 194 1851 sunt.

112 1902 113 1907 =
152 1879 222 1921 XXXI.
253 1878 279 1920 Et
294 1889 334 1932 ego
353 1876 445 1918 adhaec
461 1876 511 1917 dixi:
534 1877 604 1931 itaque
620 1877 655 1931 qui
670 1877 747 1921 faciunt
761 1878 866 1934 injuriam,
891 1878 921 1919 rei
941 1889 983 1918 non
1004 1882 1056 1931 sunt,

97 1951 192 2004 qnoniam
207 1950 245 1991 Dei
257 1949 335 2004 J'udicio
351 1948 425 2002 inJ'uria
437 1949 504 2002 J'ustos
521 1947 616 1989 afficiunt.
646 1947 760 2002 Respondit
778 1949 861 1991 Petrus:
884 1948 942 1990 valde
965 1952 1057 2003 peccant,

97 2021 172 2075 quippe
189 2021 223 2074 qui
240 2032 264 2062 se
281 2019 305 2060 ad
321 2018 447 2073 peccandum
464 2017 545 2060 dedant.
580 2017 638 2059 Unde
654 2020 723 2061 sciens
743 2019 799 2062 Deus
821 2032 848 2061 ex
869 2019 893 2062 iis
917 2019 963 2062 iilos
984 2019 1057 2073 punire

72 2091 179 2146 atdeiigit‚
200 2091 233 2145 qui
251 2090 276 2131 de
292 2089 395 2143 prioribus
410 2094 484 2143 pecca
484 2100 501 2129 rs
522 2089 578 2142 J'uste
599 2093 663 2143 agunt
684 2091 839 2145 poententiam
860 2095 882 2131 ut
897 2090 958 2144 Justis
977 2088 1058 2144 quidem

97 2175 135 2216 per
150 2161 186 2203 bas
202 2173 281 2214 poenas
297 2160 396 2201 dimittant
388 2164 421 2200 tur
437 2171 490 2213 quae
506 2163 553 2200 ante
568 2159 715 2213 poenitentiam
731 2159 826 2202 iecerunt
841 2160 899 2201 mala
928 2158 995 2213 impiis
1006 2171 1057 2201 vero

98 2232 133 2287 qui
148 2231 248 2283 castigant
264 2235 284 2272 et
299 2242 377 2271 verare
393 2230 483 2284 cupiunt
504 2241 542 2271 nec
557 2230 706 2283 poenitentiam
726 2231 798 2273 volunt
814 2243 888 2285 agere,
910 2230 935 2271 ad
958 2229 1059 2283 implenda

99 2302 172 2343 delicta
152 2301 284 2355 tpormittit
285 2313 309 2341 ur
322 2302 388 2355 J'ustos
404 2301 537 2355 castigareet
548 2300 647 2355 affligere.
677 2300 727 2343 Nam
735 2302 818 2356 absque
828 2301 867 2343 Der
876 2300 981 2343 voluntate
990 2313 1058 2355 neque

99 2383 173 2427 passer
188 2372 208 2411 in
223 2371 319 2425 taqueum
328 2370 419 2412 incidere
434 2383 461 2425 po
463 2376 508 2412 t.est
538 2371 571 2414 Sic
583 2372 687 2426 justorum
701 2372 761 2413 etiam
770 2372 886 2426 capiliiDeo
895 2376 989 2414 numerat
989 2372 995 2412 i
1004 2377 1056 2414 sunt.

74 2448 94 2481 no
158 2440 235 2483 XXXII.
267 2440 301 2482 iiie
317 2447 383 2483 autem
397 2442 465 2496 J'ustns
480 2447 520 2495 cst,
543 2442 578 2496 qui
599 2447 684 2496 propter
705 2448 783 2485 rectam
805 2442 905 2484 rationem
920 2446 998 2496 pugnat
1013 2453 1058 2483 cum

101 2515 180 2553 natura.
211 2510 272 2552 Verbi
287 2512 359 2565 gratia:
381 2513 457 2554 cunctis
473 2524 484 2552 a
500 2517 573 2554 natura
588 2512 670 2554 insitum
687 2517 729 2567 est,
752 2512 859 2567 diligentes
875 2513 973 2568 diligere:
994 2513 1059 2568 justus

101 2587 187 2624 conatur
204 2581 262 2622 etiam
279 2581 363 2636 diligere
379 2583 471 2625 inimicos
488 2587 507 2623 et
522 2581 685 2623 conviciantibus
702 2581 831 2639 benedicere,
847 2589 986 2637 acpraeterea
999 2595 1059 2625 orare

100 2665 138 2706 pro
155 2651 258 2705 hostibus,
274 2651 366 2705 injuriam
381 2653 494 2695 inferentes
506 2653 605 2696 miserari.
644 2652 745 2700 Quocirca
765 2665 788 2696 se
803 2655 892 2708 priorem
913 2655 985 2709 inJuria
1006 2653 1058 2695 affici

100 2723 185 2778 patitur,
200 2722 249 2763 item
265 2722 431 2765 maledicentibus
446 2723 554 2778 benedicit,
570 2723 727 2766 verberantibus
738 2724 847 2780 condonat,
858 2725 917 2767 cedit
926 2736 1057 2778 persequen-

75 2795 163 2849 οῦλῖλιαε,
179 2793 253 2835 salutat
269 2804 306 2834 eos
322 2795 412 2848 quinon
428 2794 525 2848 salutant,
540 2805 585 2835 cum
602 2805 644 2834 non
659 2793 781 2837 habentibus
798 2796 934 2837 communicat
950 2806 1004 2849 quae
1020 2793 1056 2835 ha-

132 2943 150 2977 i.
180 2935 275 2977 ιλαολνιων
291 2950 309 2987 p.
326 2933 360 2975 ἀπ’
378 2934 443 2979 αὐτῶν
458 2942 477 2979 (λ.
621 2940 639 2975 5.
671 2935 723 2977 ἐλεεῖ
737 2938 758 2977 O.

131 3003 150 3036 2.
181 2994 232 3042 ἰδίας
248 2998 293 3035 (λοέ.
309 2996 355 3044 neg.
371 2998 420 3046 804,
436 3011 456 3036 ιε
472 2994 529 3038 διαί)
544 2998 565 3036 0,
621 3001 639 3034 6.
671 2997 826 3047 αρσαὸικεῑσθαι
845 2999 870 3046 D,
891 2998 1059 3049 ιιροσαιλικεῐσθαι

132 3060 150 3098 3.
181 3054 274 3108 έμιιαγίδι
290 3056 447 3103 oounegaor.
478 3059 565 3097 unitae,
592 3055 645 3104 CO,
662 3051 713 3106 πρὸς
729 3052 843 3095 ἀδικεῖσθαι
863 3057 909 3093 aiter
925 3057 971 3094 God.
988 3057 1017 3107 oi,
1040 3057 1058 3094 in

104 3118 136 3163 ta,
152 3121 170 3155 6.
187 3119 205 3153 t.
592 3125 630 3163 quo
646 3114 723 3152 subinde
738 3111 836 3167 ἀνέχεται,
852 3120 872 3153 nt
888 3115 928 3153 exit.
945 3116 965 3153 0.

133 3178 151 3213 4,
180 3176 228 3213 Fert.
245 3176 346 3213 addendum
363 3171 380 3212 εί
393 3179 436 3223 post
453 3170 499 3213 οἷον.
529 3174 565 3212 dtr.
622 3176 641 3210 7.
673 3169 798 3225 ὀργιζόμενος
813 3175 877 3213 nodet
894 3174 939 3211 God.
951 3175 996 3222 Reg.
1009 3176 1057 3212 804.

103 3232 154 3272 uon.
168 3234 213 3282 rvr,
232 3237 263 3272 ro.
280 3236 298 3274 s
