2276 3612
99 213 162 262 xvnt,
179 216 197 251 c.
215 215 233 251 r.
557 206 605 251 358,

100 320 201 375 οἰκούσας
217 324 292 375 cover·
309 324 355 382 τοι1
371 326 455 374 εἰπεῖν,
473 321 506 370 οἷς
522 317 551 366 αλκ
567 318 698 379 βούληται2
719 317 794 369 ocior
808 315 965 375 οἷποκαλύψει,
988 310 1015 359 ού
1033 316 1066 359 δι-

102 397 212 454 δαοκαλία
227 395 277 439 eracl
294 395 400 438 τοιοῦτον
416 397 505 449 μαθεῖν
521 393 592 450 λέγει,
614 388 671 437 ολλλολ
695 384 836 443 οἷποκαλύψει
857 383 941 444 crocea.
978 381 1067 431 ολποκσλ-

103 467 170 521 λαψίς
185 470 230 511 ἐστι
246 462 271 508 τὸ
286 469 311 508 ἐκ
327 464 413 511 πάσαις
431 462 531 517 καρδίαις
547 460 678 518 ἀνθρώπων
695 456 824 517 οἷπορρήτας
839 459 1067 512 αειίιεαοκκεκαλαιι-

103 537 187 593 Ιιιείιοιι,
202 532 256 579 ολαεα
272 537 348 591 φακῆς
363 536 390 590 τῇ
408 528 481 577 αὐτού
496 534 570 590 βουλῇ
579 532 588 561 5
605 528 835 585 ολποκαλαπτὸιιεαοα.
865 530 901 573 καὶ
917 526 988 578 οὕτως
1006 530 1069 583 yloe—

78 620 88 653 5
105 623 141 648 τοι
156 606 253 660 varinae,
268 600 296 649 οιλ
311 603 464 663 διδαχδέιιτο,
480 596 537 646 taret
552 603 658 647 οαιέατα.
688 602 716 660 egi
734 601 814 656 μέντοι
830 598 948 643 οαιαέιιτιλ
969 597 1008 643 οὐκ
1022 603 1068 650 ἕξε-

104 690 167 724 σιιιι,
183 671 240 732 ἄλλοι
255 676 324 718 τούτο
341 669 473 725 ολποδιῖξαι,
486 672 534 716 ἐπεὶ
553 669 606 729 μηδ’
623 671 692 722 αὐτὸς
707 668 826 729 ἐδιδάχθη,
847 665 902 714 orlac
918 665 1068 722 ἀποκαλύψαι
1133 671 1135 673 ’

102 741 211 797 δύναται,
227 745 273 788 ἐπεὶ
290 740 323 800 μὴ
341 740 409 791 αὐτός
424 746 485 787 ἐστιν
502 738 513 786 ὁ
529 740 592 795 cicc,
614 739 675 791 ἐκτὸς
695 744 714 786 εἰ
729 736 762 796 ,aaa
777 735 859 784 ἑαατύα
879 740 936 796 λέγει
953 738 1011 783 εἶναι
1028 734 1068 783 ele

102 813 159 860 αἱόα.
190 810 216 859 ού
232 814 254 858 aa
271 813 313 860 oa'n
329 814 349 858 εἷ
364 809 375 857 ὁ
391 808 458 861 εὀτύς
474 811 530 862 οἰός.
561 816 581 857 εἰ
595 809 639 869 κολα
655 808 701 862 olor
716 806 754 868 ἧς,
776 808 866 859 πύκτας
886 806 915 854 δι’
937 806 1010 867 ᾖδιις5
1029 811 1068 866 τῆς

103 881 211 941 τοιαύτης
226 880 390 935 ἀποκαλύψεως
406 879 460 931 τούς
476 877 560 932 ciliove.
599 877 628 927 ού
646 882 670 926 δὲ
692 876 732 925 orla
748 879 818 929 οἶδας.
855 882 875 924 εἰ
890 875 932 936 γαρ
948 877 1068 935 ἠπίστασο,

78 953 131 1007 κακοὶ
147 956 191 998 acie
206 954 365 1010 ἐπισταιιέιιαα
381 950 410 997 δια
426 952 508 1000 ἐποίεις
517 950 533 994 5.

160 1025 202 1069 Vll.
233 1025 279 1069 Καὶ
295 1022 306 1069 ὀ
323 1024 401 1080 Σίιιοια
418 1026 470 1078 ἔφη·
487 1017 603 1078 ὁιιολογιλ,
619 1019 646 1065 ου’
661 1021 747 1076 occano
763 1021 810 1071 πῶς
825 1022 904 1077 λέγεις,
920 1017 948 1065 uri
965 1020 1068 1064 τώαέπι-
1092 1065 1093 1070 .

106 1096 223 1152 σταιιὲτοια
239 1091 268 1138 δα
284 1096 368 1143 ἐποίεις
377 1094 393 1137 ⁷.
423 1093 460 1137 καλ
477 1089 488 1136 o‘
506 1092 602 1147 Πέτρος·
627 1096 647 1136 εἰ
663 1088 691 1137 ov'
706 1091 815 1145 συνῆκας,
838 1089 889 1134 οὐδὲ
912 1087 954 1134 cor
974 1087 1069 1134 ἑκολοτοα

105 1168 161 1210 κούκ
177 1166 262 1210 εἰδέναι
277 1162 346 1221 δύαῃ,
368 1163 404 1207 καὶ
426 1166 446 1206 εἰ
468 1159 579 1218 ιλγκοεῖςὸ,
606 1158 657 1209 ούδλ
680 1155 734 1208 τούς
749 1156 823 1211 ciliaco
847 1162 886 1215 τῆς
902 1155 1069 1215 ολποκαλύψεοις

105 1237 233 1287 ἐπίστασαι,
249 1229 290 1278 οὐκ
306 1233 327 1276 εἶ
340 1231 399 1280 olor·
416 1231 429 1276 α’
444 1231 467 1275 δὲ
482 1227 532 1281 virle
547 1231 618 1280 οἷδεα·
636 1227 677 1283 διὸ,
693 1229 726 1278 οἷς
734 1227 852 1287 βούλεται,
867 1225 895 1278 alc
911 1226 980 1282 ολξλοις
997 1224 1070 1280 ούοια,

80 1326 99 1360 15
107 1301 272 1351 ἀποκαλύπτει.
316 1303 351 1346 καὶ
367 1297 379 1345 ὁ
396 1302 474 1357 Elatum
491 1297 543 1355 ἔφη’
561 1297 599 1357 >πολ
616 1297 707 1352 cnoro,
731 1299 780 1343 οἶδα
796 1295 851 1347 τούς
867 1297 954 1351 aaron,
972 1300 1007 1344 καλ
1023 1298 1071 1348 οἰὸς

107 1370 148 1420 οὐκ
163 1377 219 1432 εἰμι’.
255 1375 326 1418 τούτο
346 1372 439 1428 μέντοι,
460 1372 483 1414 αι’
503 1367 553 1413 ποτΙ
571 1368 647 1422 ἔστιν,
668 1369 700 1419 οἷς
719 1367 828 1426 βούλεται
849 1366 1018 1422 ἀποκαλύπτει,
1045 1366 1072 1413 ού

108 1444 192 1502 corneo
209 1439 237 1493 ὥς
252 1443 333 1499 λέγεις’
351 1438 376 1486 τὸ
392 1434 415 1488 δὲ
430 1437 464 1499 μὴ
479 1442 581 1491 οανιὲααι
596 1438 637 1502 ούχ
653 1439 681 1492 ὠς
696 1438 729 1499 μὴ
745 1437 808 1490 εἰδώς
821 1440 891 1498 εἴποι
900 1474 906 1493 ,
927 1435 974 1485 αλλ’
989 1436 1019 1491 ὥς
1039 1443 1071 1484 εἰ-

108 1585 193 1639 telligis,
210 1583 291 1638 Simon,
307 1595 361 1636 quae
378 1583 417 1624 aio.
456 1581 531 1623 Verum
554 1582 611 1638 audi,
633 1588 653 1624 et
673 1582 770 1637 intellige.
806 1581 891 1630 Quando
913 1581 971 1633 dicit:
999 1581 1072 1635 quibus

109 1656 152 1698 vult
166 1654 218 1696 filius
233 1652 342 1707 revelabit,
370 1664 394 1693 eo
410 1651 522 1708 significat,
542 1652 598 1700 illurn
618 1652 721 1694 hominem
741 1664 783 1696 non
799 1652 879 1694 discere
899 1664 937 1706 per
953 1652 1072 1708 doctrinam,

84 1726 145 1782 ωειλ
161 1738 199 1779 per
213 1725 276 1767 solam
292 1723 447 1765 revelationem.
477 1723 513 1765 Est
528 1728 596 1765 autern
612 1724 723 1777 revelatio,
741 1735 797 1777 cirin,
814 1722 868 1777 quod
884 1723 905 1763 in
922 1722 1016 1764 omnibus
1032 1723 1072 1764 Ιιο-

109 1798 184 1838 minurn
200 1795 297 1838 cordibus
314 1806 389 1836 arcane
405 1793 494 1835 velatura
510 1795 597 1848 positum
614 1800 657 1848 est,
673 1794 751 1848 absque
766 1806 819 1836 voce
833 1806 869 1848 per
881 1792 934 1833 illius
946 1793 1072 1835 voluntatem

110 1867 220 1910 revelatur.
251 1863 327 1918 Sitque
343 1875 475 1917 cognoscere
491 1864 565 1905 accidit
579 1876 622 1906 non
637 1864 748 1914 discendo,
773 1864 809 1906 set
830 1863 970 1919 intelligendo.
1011 1864 1074 1919 Atqui

109 1937 230 1992 intelligenti
247 1935 362 1989 nonlicet,
378 1934 437 1975 alteri
452 1934 493 1975 hoc
508 1935 626 1990 ostendere,
642 1935 808 1989 quandoquidem
826 1948 864 1985 nec
879 1936 923 1989 ipse
939 1935 1025 1978 edoctus
1037 1941 1074 1990 est,

110 2020 182 2050 verurn
200 2010 260 2049 etiarn
276 2019 318 2048 non
333 2011 403 2060 potest
418 2005 522 2061 revelare,
539 2007 587 2060 quia
602 2007 647 2060 ipse
662 2019 705 2048 non
721 2011 752 2047 est
767 2006 830 2062 filius,
845 2006 884 2047 nisi
899 2007 916 2048 si
932 2017 955 2047 se
965 2005 1018 2048 dicat
1028 2019 1075 2049 esse

86 2079 186 2127 nuruum.
217 2077 248 2118 Tu
263 2083 332 2119 autern
347 2089 389 2118 non
405 2089 428 2118 es
444 2081 500 2119 stans
516 2077 574 2119 filius.
610 2076 661 2118 Narn
686 2076 773 2118 sifilins
794 2089 863 2131 esses,
886 2077 969 2119 omnino
991 2089 1075 2131 cogno-

111 2160 182 2192 sceres
199 2148 238 2189 hac
262 2147 335 2201 dignos
357 2147 493 2189 revelatione.
525 2147 554 2189 Τα
576 2159 627 2188 vero
650 2148 741 2201 ignoras.
779 2147 800 2189 Si
823 2149 874 2188 eninr
894 2149 974 2202 scires,
993 2147 1075 2189 faceres

112 2232 166 2273 qune
183 2218 260 2259 iaciunt
276 2218 310 2270 qut
325 2218 399 2259 sciunt.
575 2262 576 2265 Ἰ

170 2288 211 2330 vll.
240 2288 296 2329 Dixit
309 2286 387 2330 Sirnon:
403 2287 480 2343 fateor,
495 2300 536 2329 non
552 2288 643 2342 intelligo
659 2300 701 2343 quo
718 2289 780 2331 morlo
797 2288 863 2342 dicas,
877 2287 959 2330 faceres
975 2301 1028 2342 quae
1041 2288 1050 2329 l
1062 2312 1074 2319 -

113 2358 169 2399 ciunt
185 2357 219 2411 qui
236 2358 308 2399 sciunt.
338 2357 363 2399 Et
379 2357 461 2400 Petrus:
478 2359 493 2400 si
510 2370 551 2399 non
566 2358 691 2413 intellexisti,
707 2360 768 2400 etianr
783 2371 825 2400 oon
841 2363 900 2412 potes
911 2359 1075 2413 uniuscujusque

87 2428 169 2477 eoscire
185 2433 284 2469 nentem:
307 2432 327 2469 et
342 2429 359 2469 si
374 2429 469 2485 ignoras,
493 2430 552 2470 etiarn
570 2441 611 2470 non
627 2430 761 2472 revelationis
784 2430 858 2484 dignos
873 2430 993 2484 cognoscis:
1020 2443 1044 2472 ac
1059 2430 1075 2473 si

113 2511 154 2541 non
171 2499 293 2553 cognosciS,
308 2510 350 2540 non
366 2512 389 2541 es
404 2500 462 2544 filius.
492 2501 553 2543 Filius
570 2506 638 2546 autern
654 2502 721 2542 novit:
737 2513 802 2555 quare
818 2501 1075 2558 quibusvnlt,tanrqua1n

114 2572 149 2626 qui
164 2569 221 2625 (ligni
237 2569 285 2622 sint,
299 2570 384 2612 revelat.
414 2571 439 2612 Et
454 2569 523 2613 Simon
540 2570 599 2612 dixit:
622 2582 649 2611 ne
665 2571 784 2625 decipiaris,
800 2572 848 2613 novi
863 2571 949 2627 dignos,
966 2584 1006 2613 nec
1023 2572 1075 2614 filius

114 2654 166 2686 snrn.
202 2640 268 2681 Porro
285 2640 389 2692 quidhoc
406 2643 440 2697 sit,
457 2642 529 2696 qrctbus
547 2643 594 2683 oalt
615 2642 704 2694 reoelct,
729 2654 768 2682 non
789 2642 879 2684 intellexi
902 2643 1075 2696 quernadrnodum

114 2713 181 2756 dicas:
197 2722 239 2752 non
254 2709 370 2765 intelligere
386 2717 452 2754 antem
469 2711 519 2766 dixi,
535 2723 577 2753 non
593 2716 696 2766 tanquam
712 2712 755 2765 ipse
771 2713 871 2769 nesciens,
888 2713 925 2756 secl
935 2713 991 2755 velut
1007 2714 1075 2755 sciens

146 2847 164 2882 l.
194 2838 223 2890 τῷ
236 2841 260 2891 S,
276 2834 299 2879 τὸ
318 2840 331 2878 G
347 2841 368 2878 0.
638 2847 655 2880 6.
687 2839 760 2887 ἐποίεις
784 2842 796 2879 S
816 2844 839 2893 0,
860 2840 927 2894 ἔποίψς
944 2844 967 2894 O,
993 2840 1077 2896 ποιήσῃς

145 2907 164 2942 2.
193 2902 220 2939 lta
235 2900 250 2939 0
267 2911 283 2940 c.
299 2900 322 2946 S,
337 2896 431 2951 βούλεται
447 2900 466 2941 G.
607 2903 656 2949 conj.
672 2903 693 2940 D.

145 2965 163 3001 3.
194 2959 229 3011 τῆς
244 2981 274 2988 -
292 2957 367 3013 βουλῆς
382 2959 405 3008 O,
426 2962 470 3004 ταῖς
490 2981 515 2987 -
537 2959 582 3012 [lov-
638 2963 656 2999 t.
686 2960 713 2997 lta
737 2960 751 2997 0
772 2972 787 2999 c.
809 2962 832 3010 S,
855 2958 923 3010 e’rvoinr
942 2962 965 3009 G,
993 2958 1077 3013 ποιήσῃς

116 3023 161 3066 latr
176 3020 188 3061 S
205 3024 281 3058 auctore
296 3019 342 3056 Dav.
609 3020 658 3067 conj,
673 3020 695 3056 l).

146 3084 165 3126 4.
195 3071 271 3131 cariaci
286 3077 307 3118 G.
639 3081 658 3116 8.
689 3077 702 3115 S
724 3077 781 3114 refert
801 3078 823 3115 ad
845 3077 889 3115 Lob.
905 3078 971 3126 Phryx.
993 3092 1010 3129 p.
1029 3082 1077 3117 359.

149 3144 166 3177 5.
195 3132 249 3189 litere
264 3137 285 3175 0.
317 3136 345 3174 Ad
362 3135 414 3174 verb.
428 3130 484 3178 οἶδας
499 3141 550 3174 notat
561 3137 584 3173 S:
639 3137 683 3186 Turn
699 3131 776 3187 ιλγιοεῖς
792 3138 804 3183 S
821 3136 845 3188 Q,
860 3132 932 3188 ολιιοῂς
949 3139 968 3177 G.

119 3197 165 3235 Nihil
182 3197 290 3236 mutandum.
317 3196 354 3235 Gir.
369 3194 413 3233 Lob.
429 3194 493 3241 Phrvn.
508 3198 583 3245 nato.
933 3192 935 3196 ’
1032 3196 1034 3200 ’
