2276 3612
96 247 118 298 x,
135 250 168 288 18.
186 251 219 290 19.
553 243 596 289 224

97 367 181 420 ἕτερον.
214 359 274 421 πλὴν
289 355 364 405 αὐτῶν
380 362 413 403 έτι
427 355 456 402 τοί
472 362 513 403 τον
528 359 603 417 ὀρθοῦ
619 361 729 458 λονισμριλ
746 357 866 410 πνέοντες,
882 355 1061 415 αίιλοιίμενοιέἒπλ

97 435 127 492 τῷ
144 432 237 517 mppdp'l
231 452 247 478 ιν
254 431 378 513 αἰρχρφ,
388 431 420 477 εἰς
442 424 578 508 οἷλλιριορίας
600 425 679 476 αιίτολ1
695 428 757 487 ιλνειν
780 428 916 486 πειρῶνται,
939 426 966 472 dc'
985 430 1061 484 ἑτέρας

98 498 210 551 οἷπονοιας
230 497 258 547 τοὶ
274 503 315 557 τῆς
331 493 421 555 α’ποίτιρς
443 494 519 543 αὐτων
541 497 665 556 θανάσιμα
684 498 803 555 νρατιίνειν
824 495 970 555 βουλόμενοι
1002 496 1061 553 ὅμως

98 572 152 616 ιιαλ2
167 587 208 619 τας
223 569 263 615 αλ
265 586 358 628 ιιγοριας
374 568 493 626 διελέγξαι
495 569 548 615 ιεν
564 567 606 622 ίίν,
621 589 684 628 ειπερ
699 574 829 624 εαειιιιεν,
852 568 883 611 ὡν
904 563 929 611 od
948 584 1060 613 τοσοντον

73 637 174 699 ὅμωρον
189 638 326 697 recaptivans
342 637 431 693 aanor,
446 636 495 689 ⁰334
510 643 623 731 μεγίστην
639 647 665 700 τῇ
682 643 769 697 έπινοίφ
784 640 909 697 ἐμποιῆσαι
923 637 1001 684 νόσον
1035 639 1061 684 οὐ

96 707 139 769 νιίρ
155 708 195 798 χρὴ
211 727 253 767 apo
267 710 416 767 ὲμπλαοτρον
432 714 570 769 προσφέρειν
586 714 622 758 ε’πλ
637 710 662 758 τὸ
675 710 778 791 ἰίγιεινὸν
793 712 862 792 μέρος
885 727 927 755 τον
949 706 1062 766 σώματος,

97 777 170 826 αλλ’1
161 782 197 826 cml
213 779 238 825 τὸ
255 780 353 840 πιίσχον
383 782 431 825 ἐπεί
449 798 490 827 ονν
505 779 521 827 ιί
523 792 574 839 μεῑς
590 779 627 827 ιλιοί
643 784 683 862 ιρι)
698 780 803 839 φελοίσαι
806 778 834 826 τοί
855 781 1015 838 Αἰγυπτίαν
1005 775 1059 834 spal-

96 869 151 908 νιμε
165 869 198 907 μη
193 848 350 900 παθόντες5
373 846 401 896 τοί
418 853 529 906 ειείναν,
541 854 592 935 περὶ
608 845 636 897 οὗ
652 848 717 909 epm
726 849 900 904 6πεπόνθατε,
923 847 1043 908 ιιίλονον
1032 867 1061 904 pc

97 919 202 979 παρόντα
217 939 247 977 με
263 918 320 978 ιιμῑν
336 921 378 980 τίν
394 923 456 968 ίασιν
471 924 513 966 τοι]
528 927 553 967 ἐν
567 921 625 979 ιίμῑν
640 919 734 972 ποίθοιις
750 923 862 980 παρέχειν.

72 1007 91 1041 10
156 992 207 1034 XIX.
237 990 268 1036 ‘O
284 988 343 1038 Θεὸν
358 993 434 1050 σέβειν
450 987 586 1049 αἱρούμενος
601 989 644 1048 πρὸ
661 991 754 1037 πάντων
770 992 851 1038 είιλέναι
868 987 964 1047 ὀφείλει,
979 989 1002 1034 τί
1016 987 1060 1046 μό-

97 1080 139 1108 νον
155 1064 196 1119 τῆς
213 1063 272 1107 (deod
289 1061 376 1118 φύσεως
392 1061 449 1108 illudo
464 1066 537 1115 ἐστιν,
552 1059 564 1106 ὃ
580 1059 638 1119 ι’ίλλφ
654 1072 771 1116 προσεῖναι
787 1059 912 1115 αἰλιίνατον,
928 1066 974 1114 ἵνα,
989 1063 1021 1111 εἰς
1035 1059 1059 1105 τιν’

98 1135 181 1191 ἰιλίινμα
197 1130 270 1179 αὐτοι]
286 1131 425 1190 οίποβλέπων
445 1133 481 1177 nol
503 1126 556 1187 παρ’
570 1132 635 1190 ἑτέρῳ
659 1128 716 1177 oded
737 1128 770 1189 μή
791 1130 911 1189 ειίρίσιιιιν,
930 1132 996 1189 ἑτέρφ
1018 1126 1060 1175 τὸ7

97 1207 145 1262 θεῷ
161 1204 221 1249 εἶναι
235 1198 269 1260 μή
284 1200 396 1260 ιίπατηιλῇ
412 1201 495 1247 doceat
508 1219 572 1247 ποτε.
602 1205 650 1249 έστι
666 1201 689 1246 dd
707 1201 765 1247 ίιλιον
782 1202 856 1254 (deod,
878 1201 963 1246 τοῦτον
983 1195 1058 1257 μόνον

98 1276 170 1326 εἶναι,
190 1272 218 1323 οἷς
233 1271 329 1317 ποίνταν
344 1269 455 1329 ποιητήν,
475 1268 546 1324 οὕτως
562 1273 598 1317 ναί
618 1273 744 1329 ιιρείττονοι.
781 1270 881 1329 κρεῖττόν
895 1275 943 1318 έστι
963 1267 1060 1327 ιλονοίμει

72 1357 91 1392 15
97 1341 175 1403 μέντὸ
185 1344 269 1389 ποιοῦν
285 1343 326 1387 τού
341 1340 510 1399 ποιοομένοιιθ,
525 1338 582 1398 πρὸς
598 1342 696 1400 μέγεθος
711 1337 737 1387 cd
753 1339 847 1399 ιλπειρον
862 1343 904 1387 τοι]
915 1341 1060 1397 πεπερασμέ-

97 1427 149 1461 νον·
174 1409 232 1471 πρὸς
247 1412 304 1462 εἶδος
319 1406 345 1455 cd
365 1406 540 1469 εὐμορφότατον
548 1445 554 1464 ,
577 1407 633 1467 πρὸς
657 1409 807 1468 εὐδαιμονίαν
828 1408 854 1457 τὸ
876 1410 1059 1470 μακαριώτατον,

101 1557 137 1611 nui
152 1555 220 1599 adbuc
235 1555 310 1610 aliquid
325 1554 394 1597 bonae
410 1554 483 1597 mentis
498 1556 598 1607 retinent,
614 1555 762 1598 erubescentes
777 1553 802 1595 de
817 1554 925 1597 manifesta
934 1554 1059 1610 turpitudine

99 1628 193 1669 nituntur
208 1631 282 1668 cuncta
298 1624 323 1667 ad
339 1625 449 1679 allegorias
464 1625 556 1681 trahere,
579 1632 600 1669 et
614 1639 651 1681 per·
668 1626 726 1667 aliam
747 1625 868 1667 deruentium
889 1625 962 1668 volunt
982 1627 1058 1669 erroris

99 1699 131 1740 sui
146 1698 269 1740 confirmare
285 1696 412 1738 mortiferum
428 1697 491 1740 virus.
522 1697 618 1739 Ceterum
633 1697 788 1739 confutaremus
807 1702 828 1739 et
839 1697 967 1753 allegorias,
981 1697 1007 1742 si
1018 1697 1058 1739 illic

73 1777 92 1810 ιο
100 1780 202 1823 essemus,
229 1779 317 1822 quarum
333 1767 386 1809 adeo
402 1768 486 1810 invaluit
507 1768 566 1810 stulta
583 1768 674 1824 affectio,
697 1773 719 1809 ut
741 1768 850 1809 maximum
872 1769 939 1811 animo
959 1769 1060 1812 creaverit

98 1839 199 1881 morbum.
232 1838 279 1880 Non
305 1838 358 1880 enim
374 1844 458 1893 oportet
481 1840 612 1894 emplastrum
633 1840 711 1882 inferre
731 1841 751 1881 in
766 1843 845 1894 partem
865 1839 959 1893 corporis
981 1851 1057 1892 sanam,

97 1911 133 1953 scd
150 1912 170 1952 in
186 1909 306 1952 morbidam.
340 1909 512 1968 Quandoquidem
529 1911 592 1965 igitur·
607 1923 656 1961 vos,
677 1911 763 1953 ridendo
779 1910 918 1965 Aegyptiace,
938 1909 1058 1953 declarastis

94 1994 133 2024 vos
148 1981 202 2023 idem
218 1979 274 2035 quod
289 1980 317 2021 illi
333 1992 374 2020 non
387 1980 437 2035 pati,
454 1981 509 2021 circa
525 1980 545 2021 id
564 1981 585 2021 in
610 1993 650 2035 quo
672 1993 711 2023 vos
727 1982 851 2036 aegrotatis,
873 1992 964 2036 aequum
980 1985 1012 2024 est
1034 1984 1056 2021 ut

98 2062 137 2104 ego
154 2063 224 2092 coram
239 2050 426 2091 vobis1·emediurn
441 2050 505 2092 vestri
521 2051 588 2091 morbi
602 2052 720 2105 praebeam.

71 2128 90 2160 25
155 2120 208 2162 XIX.
238 2120 276 2168 Qui
292 2120 357 2161 Deum
375 2121 444 2162 colere
459 2121 510 2176 vult,
527 2126 574 2162 ante
590 2123 658 2163 omnia
673 2122 727 2164 seire
743 2121 814 2176 debat,
831 2121 879 2175 qnid
895 2121 960 2164 solum
976 2120 1056 2162 divinae

97 2197 184 2234 araturae
199 2191 305 2245 proprium
321 2191 355 2247 sit,
376 2192 431 2246 qnod
447 2193 504 2234 alteri
520 2205 561 2235 non
580 2192 646 2246 possit
664 2193 745 2244 inesse,
764 2197 786 2233 nt
807 2193 827 2233 in
845 2193 992 2246 proprietatem
1012 2192 1056 2246 ejus

97 2262 222 2317 respiciens,
239 2274 326 2315 eamque
343 2274 386 2303 non
400 2264 507 2316 reperiens
523 2262 576 2318 apud
592 2264 661 2317 aliurn,
684 2250 795 2315 numqbarn
814 2261 886 2302 fraude
908 2261 1016 2303 inducatur
1031 2261 1056 2302 ad

97 2332 226 2374 tribuendam
243 2331 300 2373 alteri
316 2331 446 2375 divinitatem.
476 2334 513 2375 Est
528 2338 595 2375 antem
610 2334 717 2387 proprium
731 2332 780 2373 Dei:
801 2332 855 2373 illurn
871 2332 937 2373 solum
954 2344 1011 2387 essa,
1035 2337 1057 2373 ut

98 2404 188 2445 omniurn
204 2408 328 2458 creatorem,
344 2404 371 2445 ita
386 2409 406 2446 et
421 2406 523 2458 optimum.
553 2404 658 2447 Potentius
675 2404 749 2458 quippe
765 2402 866 2457 estquod
882 2402 930 2444 lacit
945 2415 982 2458 oo,
1000 2402 1055 2457 quod

70 2473 129 2527 aona,
150 2472 298 2528 magnitudine,
321 2474 377 2527 quod
399 2474 498 2517 infinitum
519 2480 561 2529 est,
582 2475 654 2526 linitls3
681 2475 751 2527 specie
771 2473 940 2527 pulclrerrinrum5
961 2474 1056 2515 felicitate

128 2659 146 2694 1.
178 2648 230 2692 ιιιλιιλ
247 2652 260 2690 0
277 2654 327 2692 etin
343 2667 400 2703 marg.
417 2655 441 2704 G,
457 2651 522 2699 ιιλνιλς
541 2655 565 2692 id.
621 2657 640 2690 7.
671 2651 698 2702 τῷ
715 2652 738 2701 C,
754 2666 780 2701 ιφ
796 2653 819 2701 S,
839 2653 868 2701 qni
883 2655 925 2692 lect.
942 2650 1004 2692 onon.
1018 2654 1055 2700 jam

96 2715 114 2753 in
129 2719 188 2753 textu.
219 2713 263 2749 Tum
278 2709 366 2758 ἐπινοίας
380 2727 398 2762 ρ,
414 2710 514 2758 ἀπονοίας
529 2714 550 2751 0,
591 2713 693 2761 suspicatus
710 2716 743 2748 est.
773 2712 821 2749 ldenr
836 2713 1002 2762 interpungendum
1011 2723 1055 2749 cen-

126 2779 146 2814 2.
178 2768 188 2810 ὁ
205 2767 240 2822 μὲν
255 2783 273 2819 p.
289 2767 343 2822 ὅμως
358 2769 391 2811 καί,
407 2772 428 2812 0.
592 2772 627 2809 suit
642 2777 661 2809 nt
675 2770 815 2818 interpunnimns
832 2784 847 2809 c.
865 2772 886 2811 0.
915 2772 950 2820 Ap.
963 2772 1054 2820 Gpunoto

127 2836 146 2871 3.
177 2827 304 2881 διηλένξαμεν
320 2830 341 2869 0.
371 2832 420 2869 ldenr
436 2843 471 2869 onr.
487 2824 510 2870 ιιί
524 2836 566 2869 ante
591 2830 695 2869 distinctum
711 2834 739 2866 est
753 2836 796 2879 post
811 2828 870 2898 έριιν.

95 2904 198 2930 monam
238 2888 293 2933 Quod
312 2887 327 2925 si
347 2891 421 2928 retineri
444 2891 500 2938 velis,
523 2892 566 2938 lege
620 2891 639 2927 8
669 2884 763 2940 κρείττων
786 2885 837 2930 ἐστίν
856 2885 891 2940 μέν
918 2885 1000 2958 desuper
1019 2885 1054 2927 τοῦ

95 2952 161 2989 saltem
186 2946 284 2988 τοσοῦτον
306 2943 374 2999 μωρὸν
396 2946 517 3003 εἀειιριλνησε
540 2944 563 2987 τὸ
590 2950 653 2986 ποιεῖν
668 2961 703 2986 ιον
719 2946 830 2999 launoii),
854 2942 944 2999 κρεῖττόν
964 2945 1005 2987 εὀπ
1020 2942 1056 2998 μέν

96 3006 171 3055 adcon
589 3002 670 3056 dorcinet
685 3001 708 3044 τὸ
724 3020 793 3047 ποιουν
808 3022 843 3047 τον
859 3004 977 3057 ποιιμοοΙ),
993 3008 1055 3059 ιιρεῐι-

126 3071 145 3106 4.
176 3081 203 3111 ιες
219 3068 241 3116 S,
259 3067 311 3105 deest
325 3062 429 3114 inco,
414 3079 464 3107 ασιε
481 3066 563 3106 Galland
589 3061 623 3105 τόν
639 3062 681 3103 εὀιι
696 3061 812 3118 δοναμειρ
797 3081 825 3105 ιει
839 3060 862 3104 εί
878 3062 949 3104 ποιοῦν
964 3079 1055 3105 τονιιοι

128 3131 145 3164 5.
175 3123 280 3170 πείθοντες
296 3125 316 3163 G.
589 3137 659 3168 οονιος
675 3123 700 3172 0,
716 3136 768 3172 qnam
783 3126 862 3164 nltimam
883 3136 949 3163 vocent
972 3123 1054 3162 conuerti

128 3189 145 3222 6.
176 3187 219 3223 Turn
234 3180 318 3235 ὑμεῑςθ
335 3188 353 3222 el
370 3194 393 3222 ex
408 3186 516 3236 corrjcetc,
534 3184 563 3235 qui
588 3184 606 3221 in
626 3179 750 3234 ποιουμένου.
789 3186 832 3223 Turn
857 3181 1015 3236 περαινασμένοο
1036 3195 1054 3232 ρ,

97 3241 116 3281 in
132 3247 182 3281 textu
196 3240 253 3296 ὑμᾶς.
589 3238 738 3295 πεπερασμένοι
754 3245 777 3294 C,
793 3239 936 3299 περαινομένου
951 3244 963 3282 S
980 3255 997 3282 e.
1012 3242 1039 3280 ot.
