2276 3612
114 243 151 295 ln,
166 227 202 285 re„
218 248 250 286 ra.
336 256 338 260 ⁷
582 240 632 294 atla¹

118 361 206 405 ἰανται.
246 358 293 406 ἀλλ’
309 364 385 406 ἴσασιν
406 361 427 403 οἱ
442 358 550 415 talpona
571 357 599 405 τά
615 358 685 411 ὄντας
706 356 762 418 πρὸς
781 351 974 408 ἕταστσνπάθος
995 354 1088 417 προοσι·

2 442 4 471 t
63 424 64 427 ¹
118 432 247 487 ιιειαμὲναΙ
262 428 414 487 βοηθήματα·
430 424 464 473 θεά
480 431 553 485 ἰατροὶ
569 426 723 487 ἐπιστήμονες
731 432 814 475 ἰάσθαι
823 424 954 483 ιλυνάμενοι,
971 431 1006 474 παλ
1016 432 1087 476 ταυτα

118 498 165 560 τάχ2
180 497 226 545 άπὸ
243 497 369 556 άνθράπαυ
385 501 480 556 ἰσθήναι
495 499 629 555 δυνάμεως
642 498 699 547 altat
715 502 751 546 nol
766 491 867 557 μαντιαά
884 496 939 543 ὄντα
960 500 997 543 ani
1012 495 1089 554 εἰδότα

119 567 175 615 πότε
190 576 285 615 ε”ιιαστον
301 574 322 622 ἐξ
338 567 473 625 αάιομάτσυ
489 571 655 628 θεραπεύεται,
670 568 721 618 τότε
737 570 888 617 συντάσσουσι
903 568 945 619 τάς
954 572 1087 626 θεραπείας,

105 645 158 687 υἵνα
173 636 270 688 ἑαυτοάς
286 637 447 696 ἐπιγράψωσιν.

108 761 109 764 ¹
175 710 234 753 XVII.
265 710 333 754 Ἐπεὶ
351 705 387 754 did
404 709 443 754 τίὅ
459 709 517 767 μετά
535 710 608 760 aroldo
625 711 706 775 χρόνον
719 712 881 773 χρηματίζουσι
894 706 935 760 τάς
950 708 1033 762 ἰάσεις;
1050 709 1088 756 did·

117 779 140 824 ai
156 779 192 832 (λε’,
207 784 228 825 εἰ
243 780 322 826 πάντα
339 779 462 835 δύνανται,
479 779 534 829 άνευ
550 787 590 829 του
605 787 741 842 προσφέρειν
757 783 795 829 τιΔῇ
811 777 853 838 τήν
869 783 930 826 ἴασιν
946 776 973 825 ου’
987 783 1091 826 ποιουν--

94 902 96 905 ,
116 865 167 901 wi?
187 852 250 900 vivos
265 851 288 896 di
304 857 369 896 ἕνεκα
386 854 430 898 τισὶ
446 856 491 910 μὲν
507 851 640 910 εὐξαμένοις
656 857 782 912 θεραπείας
803 851 995 910 προστάσσουσιν,
1017 853 1086 903 ἐνίοις

116 919 139 963 dl
154 916 205 965 ἔσθ’
219 919 257 966 ὅτε
271 922 308 966 καὶ
324 924 468 981 οἰκειοτέροις
484 918 548 969 οὖσιν
564 921 591 968 ου’
606 926 793 985 χρηματίζουσινς
815 920 888 979 οὕτως
902 918 992 967 ὁπόταν
1007 921 1034 974 ἕξῘ
1044 917 1086 967 αὖ·

91 985 219 1046 ςοτομάτου
234 993 348 1049 θεραπεία
364 994 437 1052 μέλλῃ
452 994 572 1051 γίνεσθαι,
587 995 776 1051 ἐπαγγέλλονται,
792 1000 829 1040 ἵνα
845 989 941 1044 ἑαυτοάς
957 990 1085 1051 ἐπιγράψα-

117 1079 160 1106 σιν.
192 1059 257 1107 άλλοι
274 1063 298 1107 dt
314 1058 455 1120 νοσήσαντες
476 1065 512 1108 καὶ
534 1058 655 1119 εάξάμενοι
676 1068 697 1116 ἐξ
718 1062 854 1121 αὐτομάτου
874 1060 1021 1120 ὑγιάναντες,
1045 1059 1085 1110 οὓς

115 1133 298 1183 ἐπεκαλέσαντοἸ
310 1132 455 1190 ἐπέγραψαν,
477 1135 512 1178 καὶ
528 1129 674 1189 άναθιγματα
690 1134 815 1190 ἐποίησαν».
844 1135 866 1177 οἱ
886 1133 966 1188 μέντοι
988 1149 1013 1190 γε
1034 1128 1084 1188 μετ’

115 1200 185 1262 εὐχήν
201 1201 386 1259 ιλιαιγανάσαντες
401 1199 442 1250 τάς
456 1196 583 1261 άπστυχίας
598 1198 722 1248 άναθεῖναι
737 1198 766 1247 cd
783 1202 902 1248 θυνανται.
939 1198 1000 1257 πλήν
1015 1203 1041 1245 εἰ
1057 1204 1084 1244 >ol

115 1282 228 1329 συγγενεῖς
243 1273 287 1315 τών
302 1266 435 1315 τεθνεώτων
450 1267 483 1326 ἢ5
499 1275 521 1324 ἐξ
537 1268 612 1316 odonia
628 1289 689 1323 τινες
705 1268 866 1329 άνεζάτιγσαν6
887 1268 930 1322 τάς
951 1269 1084 1331 άποτυχίας,

90 1339 270 1392 15πλείσναςάν
284 1337 397 1399 εὑρήκειτε
412 1338 454 1391 τάς
469 1341 595 1401 άπσιυχλας
606 1343 667 1386 ταν7
682 1343 861 1400 ἐπιτευγμάτων.
885 1338 1016 1391 άλλόάιλεὶς
1027 1358 1084 1398 προ-

116 1412 254 1468 ειλημμένος
269 1407 348 1460 αὐτοῖς
367 1407 409 1457 τάν
428 1409 475 1456 κατ’
492 1407 569 1457 αὐτῶν
592 1414 682 1473 ἔλεγχον
702 1412 798 1469 εἀφάναι
819 1414 892 1464 θέλει,
915 1410 1083 1468 αἰιλσάμενοςῆ

117 1477 274 1539 φοβούμενος,
291 1478 347 1526 άλλά
363 1479 511 1536 τούναντίον,
532 1479 560 1527 τά
576 1482 645 1528 πιστά
663 1481 737 1529 αὐτῶν
753 1481 891 1541 άτοπάματα
908 1482 1083 1540 συγιιρύβσυσιν.

115 1627 195 1664 sanant.
227 1621 253 1663 At
269 1622 337 1664 sciunt
352 1623 474 1679 daemones,
491 1636 545 1678 quae
560 1636 611 1666 vere
627 1624 652 1665 ad
668 1636 837 1678 unumquemque
858 1624 952 1665 morbum
972 1628 1018 1677 apta
1034 1628 1082 1665 sunt

86 1734 88 1736 .
114 1692 213 1734 remedia.
245 1692 314 1741 Quare
329 1706 376 1734 cum
391 1694 432 1747 sint
447 1694 506 1748 periti
521 1694 605 1750 medici,
625 1694 704 1736 mederi
726 1694 914 1750 valentes,idque
936 1695 1023 1750 morbis,
1047 1695 1082 1749 qui

90 1764 140 1807 acal}
155 1763 269 1805 hominihus
285 1770 372 1818 possunt
389 1765 499 1820 cognosci,
520 1777 608 1819 cumque
622 1770 680 1807 vates
696 1765 746 1820 sint,
772 1767 879 1820 sciantque
896 1766 977 1820 quando
994 1766 1081 1820 quisque

114 1834 197 1876 morbus
214 1847 241 1875 ex
257 1846 280 1877 se
295 1835 340 1888 ipso
357 1839 454 1890 curetur,
469 1834 497 1876 ita
512 1835 560 1876 dant
575 1835 678 1891 remedia,
694 1840 716 1883 ut
732 1836 769 1878 sibi
786 1842 882 1879 eventum
900 1836 1016 1878 attribuant.

171 1904 230 1946 nvn
259 1904 358 1960 Alioquin
375 1919 412 1947 cur·
427 1911 473 1960 post
488 1906 572 1947 mullum
582 1908 679 1961 temporis
689 1909 808 1961 promittunt
821 1907 955 1949 curationes?
973 1906 1013 1947 Cur
1023 1918 1080 1960 vero,

114 1976 130 2018 si
146 1981 220 2017 cuncta
236 1983 333 2032 possunt,
350 1979 428 2031 absque
444 1977 475 2018 rei
491 1978 576 2032 alicujus
592 1978 709 2020 admotione
724 1991 766 2020 raon
776 1979 865 2020 reddunt
876 1978 999 2020 sanitatem?
1016 1977 1081 2026 Quam

113 2047 173 2087 etiarn
193 2047 219 2088 ob
236 2060 319 2088 causam
334 2047 436 2089 nonnullis
458 2046 540 2100 quidem
562 2049 693 2101 precantibus
713 2049 803 2090 remedia
826 2049 938 2103 imperant,
960 2047 1080 2101 quibusdam

74 2128 175 2172 osvero,
193 2117 339 2171 interdumque
355 2119 420 2172 magis
435 2117 579 2174 familiaribus,
596 2131 640 2175 non*
654 2119 702 2161 dant
715 2120 833 2173 responsa?
850 2119 930 2163 Scilicet
946 2118 1028 2172 quando
1043 2131 1080 2161 sa-

113 2188 165 2230 nitas
180 2187 235 2228 ultro
252 2188 395 2242 recuperanda
412 2194 454 2244 est,
476 2190 609 2244 pollicentur,
635 2195 657 2231 ut
678 2190 716 2231 sibi
737 2191 864 2232 sanationem
887 2189 997 2230 vindicent.
1023 2188 1080 2242 'Alii

113 2270 164 2299 vero
180 2259 274 2313 aegroti,
296 2265 344 2312 post
363 2272 437 2313 preces
455 2272 505 2301 casu
525 2265 609 2313 recepta
633 2260 731 2315 sanitate,
751 2260 776 2301 iis
797 2273 850 2314 quos
870 2260 1019 2301 invocaverant
1040 2259 1079 2300 ad-

112 2329 240 2382 scripserunt
257 2335 277 2371 ct
291 2331 375 2373 donaria
392 2331 540 2384 appenderunt.
567 2331 616 2379 ,Qut
637 2336 704 2372 autem
727 2335 775 2383 post
795 2336 866 2372 votum
887 2329 966 2384 decepti
983 2331 1078 2385 exspira-

112 2404 170 2455 runt,
185 2400 295 2442 infortunia
312 2415 353 2445 non
370 2408 455 2456 possunt
471 2402 573 2444 dedicare.
610 2402 689 2450 Quodsi
714 2407 842 2443 mortuorum
863 2401 934 2444 alfines
956 2403 989 2444 vel
1005 2415 1077 2445 eornm

88 2471 187 2526 apaliqui,
212 2472 293 2524 quoties
309 2474 351 2514 voti
367 2474 399 2516 sui
415 2479 523 2528 compotes
539 2473 587 2514 lacti
603 2485 645 2514 non
661 2472 746 2527 luerint,
768 2471 899 2527 indagarent,
921 2473 979 2526 plura
994 2474 1077 2516 inveni-

112 2543 162 2583 retis
177 2540 264 2582 adversa
280 2554 339 2595 qnam
354 2556 461 2598 prospera.
493 2543 533 2586 Sed
550 2543 617 2584 nullus
634 2531 658 2584 iis
674 2548 839 2596 praeoccupatus
855 2556 926 2585 eorum
942 2543 1077 2601 redargutio·
1106 2539 1108 2544 ’

112 2624 159 2653 nern
176 2612 219 2653 vult
235 2611 313 2668 eloqui,
338 2602 439 2658 reveritus
456 2621 490 2659 aut
505 2621 609 2670 meluens,
630 2614 692 2655 immo
709 2619 790 2669 contra,
816 2614 920 2668 explorata
936 2615 1018 2658 illorum
1033 2618 1077 2659 cri-

112 2683 165 2723 mina
184 2682 293 2724 occultant.

143 2836 161 2871 1.
191 2830 360 2884 πρασιοκειάμενα
377 2835 397 2872 0.
639 2837 657 2872 3,
688 2828 782 2872 δύνανται
802 2847 819 2884 p.
837 2830 869 2874 ord
885 2831 903 2874 τὶ
920 2835 941 2874 O,
972 2836 1075 2876 annidom

141 2897 160 2930 2,
191 2890 216 2931 τά
233 2893 281 2931 dele.
298 2894 317 2930 S.
351 2895 393 2930 Trnn
410 2889 493 2943 ἰαθῆναι
509 2893 532 2942 (l,
555 2889 583 2931 ἰα-
608 2888 672 2931 nollo
686 2888 759 2943 χρόνον
772 2891 844 2946 χρόνον
858 2892 1006 2946 χρηματίζουσι.

112 2951 186 3001 σθῆναι
203 2953 228 2989 ΘΙ.
255 2952 334 2989 λιλαίετο
349 2953 479 3000 Sclrrveglerus
496 2953 545 3001 quod
560 2952 583 2988 ad
638 2955 656 2989 4.
688 2947 717 2995 εἰς
734 2950 755 2989 0.

112 3010 210 3048 lectionem
232 3011 325 3049 Cotelerii.
342 3032 369 3037 —
406 3011 475 3048 Deinde
495 3006 582 3059 μαντικὰ
638 3012 656 3048 5.
687 3004 697 3059 ἣ
714 3009 782 3048 addidit
798 3013 818 3049 D,

113 3063 161 3106 ὅντα
177 3066 210 3109 καὶ
226 3066 294 3109 εἰδότα
311 3062 449 3108 αιλάαειασυαε
465 3071 582 3108 referendum
638 3073 656 3106 (i.
687 3065 817 3121 συνεζάτιγσαν
841 3070 860 3107 Ο.
894 3069 938 3107 Post
964 3066 1075 3123 ἀποτυχίας

113 3131 150 3175 est,
175 3130 197 3166 de
214 3129 279 3176 quihus
295 3142 363 3179 saepe,
380 3128 431 3175 qnasi
447 3124 471 3167 τά
486 3126 582 3180 δαιμόνια
607 3139 703 3176 perperam
719 3134 786 3177 puncto
798 3127 863 3176 maJ'ori
872 3126 983 3168 distinxerat.
1006 3131 1073 3168 Verum

112 3187 244 3236 parecesserit,
261 3194 326 3228 neutro
342 3200 414 3237 genere
426 3187 504 3235 loquitur
517 3194 582 3226 auctor
607 3185 685 3225 restituit
694 3188 714 3223 D.
736 3188 779 3226 Turn
788 3184 888 3241 εὑράκειιε
899 3188 939 3238 SO,
952 3185 1045 3243 ε’ὑράκρτε
1054 3190 1073 3228 G.

113 3244 231 3283 lromilinrum
243 3248 301 3297 Supra
310 3262 327 3288 c,
336 3250 367 3298 to,
378 3247 470 3286 etinlrac.
482 3250 512 3298 to,
521 3252 554 3287 20.
562 3248 581 3286 S.
637 3249 655 3284 7.
686 3241 720 3297 τὴν
737 3246 758 3286 0.
