2276 3612
518 235 559 280 271
886 235 923 285 xu,
940 236 973 275 τε.
991 239 1024 276 od.

22 398 24 401 .
64 351 172 413 ποιήσας,
191 353 281 411 ἐξωυτής
296 351 409 411 έχερθήτω
423 347 493 409 ὑγιής.
531 353 568 396 καί
590 348 639 407 τίμα
659 351 688 412 τῷ
704 353 784 395 ἐἰπεῖν
808 348 899 406 Πέτρον
919 350 995 394 ταῦτα
1010 346 1024 407 a}

63 423 119 486 χυνή
134 420 219 482 ήχέρθη
233 421 372 482 ὑγιασδεῑοα,
387 421 423 466 καί
439 438 468 479 τρι
484 423 561 480 Πέτρῳ
577 422 723 478 προσέπεσεν,
740 423 776 467 καὶ
791 420 835 478 τήν
850 418 943 479 συνήθη
955 421 1025 478 φίλην

63 491 232 552 καταφιλήσασα
248 493 395 539 ἐπυνθάνετο
410 492 432 535 τί
447 493 481 546 είη
496 495 572 537 τουτο.
602 491 616 548 ή
632 494 655 537 δέ
672 491 724 536 ὅλον
742 490 819 550 αὐτῇ1
835 488 860 537 τὸ
874 492 972 549 προῖχμα
986 492 1026 534 του

63 562 237 622 οίναχνωρισμού
251 559 366 617 συντόμως
384 560 519 619 διηγήσατο,
533 564 569 606 καί
584 565 604 606 οἱ
614 559 751 609 οίκοιίσαντες
761 553 944 620 κατεπλάγησαν.
975 559 1026 606 τότε

64 638 100 683 καί
116 633 129 693 ἡ
141 632 217 692 μήτηρ
227 629 269 693 τήν
284 630 403 692 ξενοδιίχον
419 637 605 690 θεραπευθεῖοαν
616 631 765 689 ιλεωρήρασα2
781 630 902 691 παρεκάλει
917 634 954 678 καί
965 631 1041 691 adedo

63 704 140 753 ἰιίοιως
154 715 235 764 τυχεῖν.
266 700 277 748 ὁ
294 703 317 747 δέ
333 702 421 752 ἐπιθείς
437 698 480 758 τήν
496 711 554 762 χεῖρα
571 704 605 747 καί
622 699 695 759 αὐτήν
711 699 871 760 ἐθεράπευσεν,

110 769 187 817 XXIV.
218 775 265 819 Καὶ
280 768 325 818 εἶθ’
341 771 411 823 οὕτως
427 769 438 818 ὁ
455 773 541 830 Πέτρος
557 774 607 829 περί
624 774 685 818 (deod
707 774 743 817 καὶ
763 775 803 831 τής
824 772 885 832 αὐτῷ
900 774 1024 834 διαφερου-

63 865 101 905 σης
116 845 237 901 θρησκείας
253 842 376 901 ὁμιλήσας,
399 836 507 900 προσθείς
522 844 559 888 έπὶ
581 844 650 897 τέλει,
670 841 705 887 ὅτι
720 846 742 887 εἴ
757 861 792 893 τις
814 841 923 899 βούλεται
948 849 1023 891 ταυτα

63 916 158 972 οίκριβολς
172 922 264 971 μαθεῖν.
280 917 313 965 εἰς
327 912 482 974 Ἀντιόχειαν,
496 912 555 959 ὅπου
570 911 681 960 πλειόνων
694 911 783 971 ήμεραίν
792 917 922 971 περιμένειν
937 920 1023 975 ἔκρινα,

63 983 135 1033 ἐλθών
151 984 178 1031 τοί
195 984 251 1043 πρὸς
266 983 308 1042 τήν
318 983 394 1030 udam]
410 984 521 1042 σωτηρίαν
536 985 685 1041 μανθανέτω.
716 981 743 1028 οὐ
758 982 801 1042 peip
819 982 844 1042 δή
860 987 895 1031 εἰό
910 989 1022 1045 ἐμπορίας
1030 998 1050 1031 10

63 1064 126 1104 ἕνεκα
140 1052 157 1113 a}
172 1056 289 1113 στρατείας
305 1056 416 1112 πατρίδας
431 1050 615 1112 καταλιμπάνειν
631 1055 706 1101 οἴδατε
727 1057 764 1100 καί
781 1060 812 1106 εἰς
832 1054 937 1114 μακροτίς
953 1055 1021 1116 ιίπέρ-

62 1127 255 1190 peccaminum,
271 1122 306 1173 διαί
322 1127 345 1172 δέ
363 1125 454 1171 αιόίνισν
470 1127 580 1183 σωτηρίαν
594 1126 652 1183 μηδὲ
674 1127 742 1183 τρισίν
756 1125 848 1184 ήμεριῦν
868 1123 920 1173 ὁδὸν
940 1145 1022 1183 πορευ-

62 1201 134 1257 θήναι
152 1198 286 1256 θελήσετελ.
315 1193 373 1253 μετα
388 1199 432 1253 μέν
447 1194 490 1241 οὖν
505 1194 547 1251 τήν
568 1197 719 1253 προσομιλίαν
736 1197 826 1254 Πέτρου
846 1193 886 1253 ἐγώ
907 1216 935 1256 τη
956 1195 1023 1255 dyac-

62 1269 142 1328 οθείση
156 1267 245 1322 γυναικί
260 1269 295 1313 ἐπὶ
312 1263 398 1316 παντὸς
412 1268 454 1311 τού
470 1264 535 1326 ὄχλου
550 1266 623 1324 χιλίοις
638 1261 739 1326 δραχμσίς
755 1270 786 1317 εἰς
808 1261 893 1322 τροηιίς
912 1268 1022 1325 έδωρησοί-

37 1391 39 1395 ¹
61 1355 120 1395 μην,
136 1340 301 1395 παραθέμενος
317 1333 390 1391 αὐτήν
405 1332 485 1396 α’χαθῷ
501 1354 546 1382 τινι
563 1333 640 1394 α’νδρί,
655 1334 734 1395 πρώτῳ
749 1339 790 1394 τής
807 1335 891 1386 πόλεως
903 1335 961 1390 ὄντι,
978 1338 1022 1394 (μί-
1030 1350 1050 1382 15

62 1427 93 1452 σει
108 1404 166 1465 pseud
181 1410 250 1467 χαραῖς
266 1410 334 1453 τοῦτο
356 1417 431 1452 ποιεῖν
452 1408 610 1466 προῃρημένῳ.
651 1405 729 1451 ἔτιδὲ
753 1408 791 1451 καὶ
813 1403 892 1457 ίίλλαις
912 1408 1023 1458 πολλοῖςὸ

63 1475 158 1537 οίργιίρια
174 1479 306 1536 διανείμας,
327 1488 374 1527 ταῖς
390 1480 446 1522 ποτέ
461 1474 503 1533 τήν
518 1479 607 1535 μητέρα
628 1479 870 1535 παραμυθησαμέναις
890 1477 1025 1539 εὐχαριστή-

62 1634 143 1689 αιααδί,
159 1638 231 1688 surgat
246 1633 344 1675 continuo
362 1644 417 1676 sana.
448 1631 473 1673 Et
487 1632 553 1674 statim
569 1637 591 1674 ut
605 1630 657 1674 haec
673 1633 758 1676 dixisset
773 1633 845 1676 Petrus
851 1614 953 1688 {mulier
973 1646 1023 1677 sur-

62 1706 115 1747 rexit
129 1710 199 1747 sanata
216 1710 236 1746 et
250 1703 337 1757 procidit
352 1703 377 1745 ad
393 1702 535 1758 peuesumt,
559 1708 620 1757 atque
636 1705 721 1745 amicam
736 1717 793 1747 suam
810 1693 834 1746 ac
849 1703 970 1746 familiarem
987 1718 1024 1764 os-

62 1776 127 1817 cutata
143 1775 304 1828 percontabatur
319 1774 366 1828 quid
381 1773 433 1815 istud
451 1777 510 1815 esset.
548 1773 574 1814 At
589 1773 621 1814 itta
644 1774 735 1816 breviter
756 1787 817 1816 onrne
833 1775 852 1816 ei
873 1777 1050 1831 recognitionis20

62 1847 167 1901 negotium
184 1845 289 1900 exposuit,
308 1850 328 1886 ct
343 1844 378 1898 qui
393 1843 501 1885 audierunt
517 1843 653 1897 obstupefacti
669 1849 722 1886 sunt.
753 1845 851 1899 Tuncque
867 1850 933 1887 mater
948 1845 1023 1900 bospi-

62 1922 101 1958 tem
117 1923 207 1960 ornatam
223 1916 294 1958 videns
309 1915 400 1971 rogavit,
423 1920 445 1956 ut
459 1915 502 1967 ipsa
519 1926 603 1968 quoque
624 1915 731 1957 sanitatem
747 1917 857 1971 acciperet.
895 1917 930 1959 lile
954 1923 1022 1959 autem

62 2000 122 2029 rnanu
137 1988 231 2041 imposita
246 1989 309 2040 ipsam
326 1988 385 2028 etiam
401 1986 485 2027 curauit:
507 2022 509 2025 Α

117 2057 186 2100 XXIV.
216 2058 290 2111 Sicque
305 2063 376 2111 postea
392 2046 463 2097 Petrus
479 2055 505 2096 de
520 2055 565 2097 Deo
582 2068 605 2097 uc
622 2055 647 2097 de
662 2056 701 2098 Dei
720 2057 822 2112 religione
843 2070 961 2101 sermonem
980 2059 1021 2101 ha-

61 2128 104 2171 buit
119 2135 140 2170 et
154 2129 175 2169 in
189 2128 230 2170 bue
245 2128 328 2169 addidit:
350 2129 367 2171 si
390 2128 434 2182 quis
453 2127 505 2169 baec
529 2127 572 2168 vult
594 2126 704 2181 diligenter
720 2140 862 2184 cognoscere,
885 2127 1049 2187 Antiochianus

62 2199 95 2240 ubi
110 2212 147 2254 per
163 2199 238 2243 multos
254 2198 297 2241 dies
312 2198 405 2241 residere
421 2198 492 2253 statui,
511 2198 608 2252 veniens,
633 2210 687 2251 (prae
703 2197 728 2240 ad
744 2200 830 2241 satutem
847 2212 904 2241 suam
919 2201 1023 2253 pertinent

62 2269 130 2314 discat.
161 2270 207 2312 Non
223 2270 286 2326 enim,
304 2271 338 2324 qui
353 2269 471 2324 negotiandi
486 2274 521 2310 aut
537 2269 632 2310 militandi
649 2283 712 2312 causa
728 2272 813 2325 patriam
828 2272 947 2327 relinquere
963 2275 1022 2316 soie-

61 2340 85 2382 tis
100 2347 120 2383 et
135 2341 160 2382 od
176 2341 222 2383 loca
235 2341 318 2382 muitum
333 2340 402 2383 dissita
417 2341 484 2395 abire,
506 2346 593 2394 propter
614 2346 719 2383 aeternam
739 2343 826 2385 satutem
848 2343 882 2385 vel
900 2345 960 2386 trium
977 2345 1023 2387 die-

62 2413 160 2454 moriter
176 2414 283 2467 suscipere
299 2413 379 2456 noletis.
416 2411 487 2465 ltaque
507 2417 555 2465 post
573 2412 626 2453 Petri
647 2415 769 2454 concionem
793 2426 834 2468 ego
855 2415 946 2470 mulieri,
968 2429 1022 2470 quac

61 2488 130 2524 sanata
146 2482 223 2539 fuerat,
239 2495 308 2525 coram
325 2484 380 2526 omni
395 2483 470 2538 populo
486 2482 539 2523 mille
555 2481 663 2525 drachmas
680 2484 705 2525 ad
721 2484 797 2526 victum
813 2484 860 2525 dedi
876 2491 896 2527 et
912 2498 1020 2528 commen·
1028 2496 1047 2527 cc

62 2551 107 2594 davi
123 2566 168 2595 eam
184 2554 264 2596 cuidam
279 2555 334 2597 bono
350 2555 405 2610 viro,
420 2553 515 2608 primario
533 2553 610 2608 oppidi,
627 2553 662 2607 qui
677 2556 756 2608 sponte
768 2555 788 2596 id
805 2568 850 2597 cnm
866 2556 942 2611 gaudio
952 2557 1021 2600 facere

61 2625 175 2677 proposuit.
206 2625 246 2669 Sed
262 2630 281 2667 et
298 2626 340 2669 aliis
356 2626 422 2667 multis
436 2624 543 2679 pecuniam
559 2623 660 2679 distribui,
684 2626 804 2681 gratiasque
825 2628 859 2682 egi
875 2628 913 2670 iltis
928 2628 1021 2669 mulieri-

60 2692 107 2752 bus,
125 2708 178 2750 quae
193 2697 251 2738 matri
267 2698 370 2750 quorrdom
386 2697 478 2739 solatium
494 2695 642 2756 praebuerant:
664 2701 684 2737 et
699 2702 748 2750 post
763 2698 816 2741 baec
831 2711 871 2740 uua
888 2712 933 2741 cum
949 2705 1020 2755 nrutre,

90 2943 107 2979 1.
138 2937 199 2994 rubedo
215 2942 236 2983 0.
579 2941 598 2977 d.
627 2937 653 2976 Ita
669 2940 692 2989 S,
713 2938 780 2980 θέλειν
801 2947 877 2989 uterque
897 2943 948 2980 Hom.
965 2943 1020 2993 cod,

88 3005 107 3038 2.
138 2998 260 3053 ἰστορήοασα
276 3000 295 3038 G.
549 2996 618 3037 θέλετε
631 2998 677 3037 God.
687 3001 788 3048 Regtssbd,
805 2998 961 3051 npodopp'ocoda
970 3002 1019 3052 Epit.

90 3062 109 3097 3.
139 3057 306 3100 cc'addiditsdc
323 3059 438 3108 conjectura,
458 3052 524 3109 εἰχολρ
580 3059 597 3094 5.
627 3051 699 3104 ἄλλοις
715 3059 800 3104 πολλοῖς
813 3061 832 3097 C.

61 3111 83 3166 δή
99 3118 144 3158 Cod.
160 3120 205 3168 Περ.
222 3123 275 3165 804,
291 3114 309 3157 εἰ
322 3112 359 3169 γὰρ
375 3118 422 3166 Epit.
443 3117 524 3156 Subinde

60 3171 166 3228 ἕμπορείας
183 3179 203 3217 0.
239 3180 280 3217 Tum
297 3174 417 3229 στρατηγίας
432 3190 449 3227 p.
466 3190 524 3229 στρα-

60 3231 182 3280 τείαςίδωα,
253 3241 262 3258 ’
