2276 3612
96 253 136 305 xx,
152 254 172 296 ε.
182 257 208 294 ὀ.
546 246 589 294 tot

100 369 253 425 συμβέβηκεν.
283 367 319 410 καί
336 361 371 409 ὅτι
387 362 476 422 άνάγκη
491 362 559 410 τοῦθ’
580 361 652 413 oriente
666 366 735 422 ἔχειν,
758 355 867 407 πολλάκις
886 356 1015 414 εἰρήκαμεν.
1054 353 1066 401 ὁ
1130 382 1138 427 ³]

100 437 124 482 δὲ
141 434 229 493 άγαθὸς
244 437 317 490 ἕκτης
332 436 374 479 τοὺ
389 435 447 479 θεοῦ
461 435 583 489 καλλίστης
598 435 684 488 τροττης
699 431 818 489 γεννηθείς
834 430 869 473 καί
886 425 926 472 οὐκ
943 426 1066 484 agapetum

101 501 250 564 ονμβεβηκάς
265 506 294 560 τά
310 501 360 549 ὄντι
376 499 424 553 vide
444 507 512 549 ἐστιν,
551 497 613 557 κλην
632 502 679 546 ἐκεί
701 500 772 544 ταντα
796 495 886 556 άγραφοι
901 493 1007 557 τνηχάνει
1029 498 1065 542 καί

100 584 235 634 στοχαομοῑς
249 573 422 630 manutenendae,
438 567 470 628 μη
486 568 577 621 ττάντως
591 568 666 628 nihilo]
682 568 751 619 οὕτως
773 573 831 629 ἔχειν
852 566 1010 625 (deputantem.
1046 570 1065 612 εἰ

85 646 123 689 aot
138 642 171 700 μη
187 660 224 699 γε,
239 640 251 687 ὁ
266 644 322 691 νοῦς
337 638 364 691 oie
382 640 472 691 τιάντως
486 637 627 697 προειληφώς
644 638 678 694 [τά
695 638 789 697 άληθ]ίς
805 637 847 683 τον
866 641 939 695 ζητεῖν
960 636 1066 682 nudetur.

99 708 187 758 κάκεῑνά
204 730 245 767 μοι
261 710 433 767 μνημονεύεται
443 712 459 765 ¹,
474 708 509 756 ὅτι
527 707 553 755 τά
569 710 667 756 τοιαύτά
678 716 717 764 [με
730 713 811 763 muodo
826 706 853 754 οὐ
869 710 900 753 δεῖ
910 706 1064 765 λέγεινῇοίλλά

99 792 143 830 τοῖς
159 777 218 837 μετά
234 790 313 837 ττεῖραν
329 780 499 837 δοκιμωτάτοις.
536 780 562 826 ον’
579 781 602 826 δὲ
618 782 673 837 κρός
690 779 799 837 άλληλονς
815 781 893 839 ῥαδίως
909 779 1065 838 ἰσχυρίζεσθαι

99 852 131 896 δεῖ
144 851 172 895 τά
194 853 305 902 τοιαάτα,
328 852 380 897 οὐδὲ
403 853 493 908 τολμάν
517 849 617 907 ὀφείλετε
641 853 714 908 λέγειν
738 845 939 907 άςάκριβοάντες
959 843 1001 903 την
1021 848 1065 890 τών

99 916 231 976 άττορρητων
247 917 350 977 εὕρεσιν,
370 917 426 967 άλλά
445 922 579 972 σιωπῶντας
596 917 638 980 χρη
653 924 804 977 ἐνθυμεῖσθαι
822 915 907 975 μόνον·
927 922 951 962 ἓν
970 914 1013 974 γάρ
1037 919 1065 974 τῴ

75 991 171 1045 λολίηειν
187 992 238 1038 ἴσοις
254 986 293 1049 οὐχ
309 988 337 1040 τίς
353 992 423 1051 ε’·’χιονῖ
446 988 636 1049 άφθεηξάμενος
656 987 820 1047 άμαρτησεται,
845 992 881 1035 καί
906 988 1065 1048 δίκηνάφὲξει

99 1057 127 1109 οἷς
143 1055 270 1115 τολμήσας,
286 1055 329 1104 κάν
345 1055 401 1113 node
416 1058 511 1112 tanede,
527 1063 674 1119 φθέγξασθαι
690 1058 717 1107 τά
735 1062 785 1118 σιγῇ
801 1062 950 1117 τετιμημένα.

156 1129 189 1171 ΙΧ.
225 1130 304 1173 Ταύτα
321 1131 362 1172 τοι]
381 1132 468 1187 Πέτρον
484 1126 602 1184 εἰπόντος,
627 1130 732 1187 Λάζαράς
754 1149 788 1180 τις
809 1130 854 1173 τῶν
876 1125 1009 1175 άκολοάθιον
1029 1129 1064 1172 καί

101 1196 171 1251 αὐτὸς
187 1205 240 1254 ἔφη·
261 1195 303 1254 την
320 1201 456 1256 συμφωνίαν
469 1197 525 1256 ημῖν
542 1202 602 1245 οἰκί’
628 1203 674 1251 nuic
694 1198 805 1251 δυνατόν,
827 1196 922 1256 εὔλογον
938 1200 1009 1251 εἶναι,
1025 1196 1065 1245 τάν
1101 1240 1104 1243 ⁴

100 1266 146 1313 άκὸ
162 1271 221 1313 θεον
237 1270 325 1313 δικαίου
341 1265 488 1313 καταστάντα
505 1266 607 1325 πονηρὸν
628 1267 682 1314 ὥστε
704 1272 749 1314 τάν
769 1266 931 1326 άσεβησάνταν
953 1270 1011 1314 εἶναι
1032 1288 1065 1313 τι-

36 1385 37 1388 ,
75 1338 288 1395 15μαρόν,τούτον
305 1333 376 1383 ον’τάν
392 1335 488 1394 ὕστερον
503 1337 562 1392 μετά
579 1340 622 1383 τάν
639 1337 711 1384 σάτον
725 1336 824 1395 dyptico
840 1336 883 1384 σάν
898 1349 944 1389 τοῖς
959 1336 1064 1395 άμαρτοι-

100 1411 146 1458 λοῑς
161 1412 193 1457 εἰς
208 1405 234 1453 τά
252 1405 330 1458 σκότος
346 1404 371 1452 τὸ
388 1404 511 1465 κατάκορον
528 1409 675 1463 ττέμττεσθαι;
696 1409 732 1453 καί
747 1405 790 1465 γάρ
807 1408 843 1452 καί
860 1410 929 1453 τούτο
944 1410 1065 1465 μέμνημαι

100 1473 215 1536 εἰρηκότος
226 1475 298 1523 odacri
311 1479 354 1523 τού
365 1475 522 1522 διδασκάλονό.
553 1479 590 1522 καὶ
606 1476 617 1521 ὁ
634 1479 732 1534 Πίτρος’
748 1472 819 1533 adyti,
835 1482 885 1535 ἔφη,
900 1474 1014 1535 ὁμολογῶ,
1031 1477 1065 1523 ὅτι

100 1548 111 1593 ὀ
129 1547 228 1606 τιονηράς
243 1544 345 1604 κονηράν
360 1545 427 1592 οὐδὲν
443 1558 503 1593 norat
518 1545 575 1593 κατά
592 1549 673 1600 τούτο,
696 1543 754 1592 καθά
775 1543 815 1592 τάν
831 1548 931 1593 δοθέντα
951 1544 1011 1608 αὕτη]
1027 1548 1067 1594 νό-

101 1637 146 1673 μον
163 1622 251 1663 ε’κτελεῐ.
281 1618 320 1662 καί
335 1634 369 1661 τοι
380 1618 511 1674 προαίρεσιν
526 1624 582 1678 ε”χοιν
597 1616 676 1674 κακήν,
692 1616 752 1671 ὅμως
768 1615 830 1673 φόβοι
847 1620 876 1676 τῷ
891 1614 994 1674 ντρὸςτὸν
1010 1614 1066 1663 θεὸν

76 1687 168 1736 νοοάδὲν
185 1685 264 1736 άδίκιος
280 1685 387 1743 κράσσει’
403 1686 532 1743 διαβάλλων
549 1689 571 1732 δὲ
588 1686 734 1735 διδασκάλους
750 1684 861 1743 άληθείας
877 1691 908 1737 εἰς
920 1688 1013 1744 ἐνέδραν
1022 1690 1066 1732 τάν

102 1756 197 1816 άκρίτοιν
212 1761 247 1803 καί
265 1755 371 1813 διάβολος
388 1754 399 1800 ὁ
416 1754 483 1807 ariade
500 1754 648 1814 ὀνομάζεται,
685 1755 710 1801 τά
728 1758 751 1802 δὲ
767 1754 807 1802 τὸν
824 1754 910 1812 decedi
931 1756 1065 1804 διδάσκαλον

100 1908 163 1949 saepe
175 1896 327 1938 affirmavimus.
364 1896 405 1940 Sed
420 1897 478 1938 Bono
503 1909 529 1938 ex
545 1898 620 1950 optima
635 1897 673 1938 Dei
695 1898 856 1939 commutatione
872 1902 930 1953 nato,
953 1910 992 1939 nec
1008 1905 1066 1940 extra

101 1969 195 2011 existenti
211 1969 321 2023 mixtione,
337 1967 399 2009 filium
416 1981 463 2011 esse
480 1970 581 2023 contingit
597 1969 626 2022 ei,
649 1969 683 2022 qui
700 1974 736 2010 est.
771 1969 847 2010 Verum
864 1968 915 2009 haec
929 1981 976 2010 cum
991 1970 1066 2023 scripta

100 2052 143 2081 nan
158 2040 207 2094 sint,
224 2038 260 2081 sed
276 2050 318 2081 non
335 2039 373 2079 nisi
389 2039 514 2092 conjecturis
531 2038 663 2092 confirmata,
686 2037 740 2079 haud
755 2038 817 2091 plane
840 2051 864 2079 ea
880 2039 906 2080 ita
922 2051 945 2081 se
961 2038 1039 2081 habere
1055 2052 1066 2080 a

77 2110 160 2157 tenebis
177 2110 329 2163 comprobetur.
359 2109 410 2150 Nam
426 2110 475 2151 alias
491 2121 549 2151 mens
566 2123 595 2165 ea,
614 2110 722 2163 quaejam
739 2110 821 2151 omnino
834 2112 1000 2164 praeoccupavit,
1015 2123 1066 2164 per-

101 2181 184 2234 quirere
200 2185 300 2221 cessaret.
330 2177 399 2233 Atque
415 2184 524 2233 praeterea
540 2179 630 2235 memini,
656 2178 773 2233 irup'usmodi
793 2192 827 2221 res
849 2193 891 2221 non
907 2182 1012 2236 omnihus,
1029 2181 1066 2224 sed

100 2253 150 2293 solis
167 2251 294 2304 experientia
311 2250 457 2304 probatissimis
473 2251 520 2292 mihi
537 2264 583 2293 esse
598 2248 727 2291 revelandas.
758 2248 831 2302 Neque
847 2250 891 2292 sine
907 2251 1024 2293 difficultate
1040 2252 1066 2293 de

100 2323 124 2365 iis
140 2328 211 2364 mutuo
228 2321 305 2375 aliquid
321 2321 434 2377 affirmetis,
450 2335 518 2376 neque
535 2322 627 2364 audeatis
643 2319 778 2374 pronuntiare
794 2331 839 2360 curn
856 2322 976 2363 certitudine
992 2323 1066 2364 ineffa-

101 2392 337 2448 hiliurncognitionem,
353 2391 424 2435 sedin
441 2393 521 2435 silentio
543 2398 621 2434 tantum
640 2394 746 2432 remanete
766 2390 905 2443 cogitabundi.
941 2393 991 2435 Nam
1013 2396 1067 2436 inter
1133 2405 1136 2448 j

75 2462 228 2517 totoquendum
244 2462 317 2504 forsan
337 2464 365 2514 is,
392 2463 426 2516 qui
446 2463 547 2518 loquitur,
568 2467 642 2517 peccat
662 2460 752 2514 inscitia,
773 2472 903 2517 poenamque
925 2463 992 2521 dabit,
1015 2478 1067 2521 cum,
1137 2509 1138 2524 η

101 2534 179 2576 etiamsi
196 2533 220 2575 ad
237 2534 379 2589 semetipsum,
395 2535 560 2587 pronuntiaverit
576 2535 657 2577 silentio
674 2531 800 2575 veneranda.
1137 2526 1138 2537 ¹

158 2604 190 2646 ΙΧ,
222 2604 279 2653 Quae
295 2616 340 2645 oum
355 2604 426 2646 Petrus
444 2605 538 2659 dixisset,
554 2605 645 2646 Lazarus
651 2637 656 2658 ‚
673 2604 708 2657 qui
724 2602 803 2654 etipse
819 2609 862 2645 erat
877 2616 930 2645 unus
953 2618 980 2647 ex
999 2606 1067 2648 comi-

99 2675 161 2717 tibus:
175 2675 213 2716 Dic
229 2675 299 2729 nohis,
315 2674 389 2729 inquit,
406 2675 511 2729 quomodo
527 2675 580 2717 haec
596 2674 735 2716 consentiant:
758 2671 792 2725 qui
813 2674 888 2715 rationi
904 2681 1066 2718 consentaneum

101 2760 147 2790 esse
163 2750 244 2801 potest,
259 2744 333 2786 Malum
347 2745 413 2798 ipsum
430 2759 441 2787 a
458 2745 504 2787 Deo
518 2747 575 2800 Justo
592 2746 617 2786 ad
629 2746 701 2799 impios
713 2742 845 2786 vindicandos
855 2748 987 2788 constitutum
995 2752 1066 2801 postea

75 2818 153 2864 animer
169 2816 256 2871 angelos
276 2828 325 2857 suos
341 2827 386 2857 cum
407 2818 552 2870 peccatoribus
572 2818 593 2858 in
613 2816 692 2858 infimas
713 2814 809 2855 tenebras
831 2816 896 2858 mitt'?
931 2817 1025 2872 Namque
1048 2822 1068 2858 et

101 2887 142 2930 hoc
157 2888 223 2941 ipsum
239 2887 359 2941 magistrum
375 2889 488 2930 asseruisse
504 2889 591 2930 memini.
623 2887 673 2928 Tum
688 2885 771 2925 Petrus:
786 2884 811 2926 Et
828 2899 879 2941 ego,
894 2888 970 2942 inquit,
987 2888 1065 2929 affirmo

102 2957 175 2998 Malum
191 2956 238 2997 nihii
260 2956 306 2998 rnaii
326 2956 408 3012 facere,
430 2963 530 3011 quatenus
545 2957 636 3012 perficit,
657 2967 711 3010 quae
733 2954 751 2994 ei
768 2955 826 3009 J'ussa
845 2962 897 2998 sunt.
930 2957 1025 3005 Quumis
1041 2957 1066 2998 ad

103 3027 153 3068 mala
168 3028 261 3082 inclinet,
277 3027 407 3069 nihilominus
423 3027 496 3070 timore
512 3028 550 3070 Dei
567 3027 615 3069 nihii
632 3026 677 3067 mali
693 3024 751 3078 faoit3
770 3026 805 3068 sed
822 3026 869 3081 quia
883 3027 992 3080 magistros
1008 3028 1066 3070 veri-

102 3097 147 3139 tatis
163 3097 187 3139 ad
202 3100 297 3142 incautos
313 3097 446 3153 decipiendos
466 3099 610 3152 calumniatur,
631 3097 710 3148 etipse
733 3097 844 3148 appellatur
866 3097 966 3141 diabotus.
1007 3097 1065 3147 Quod

134 3182 151 3217 1.
180 3179 308 3232 μνημονεύετε
325 3183 345 3220 0.
628 3186 646 3221 3.
677 3182 704 3219 cf.
720 3179 779 3218 Mutat.
796 3184 829 3229 25,
845 3181 879 3218 41.

132 3242 150 3275 2Δ
181 3236 223 3289 ἔχον
239 3242 260 3278 0.
