2276 3612
116 245 163 304 vin,
181 256 273 293 tt-to.
575 247 617 293 192

115 384 160 413 οων
175 365 260 426 opddpo
275 373 398 425 μιοινθεῑοω
414 365 503 422 πρῶτον
518 361 571 410 adua
587 362 614 410 ud
631 364 711 424 ἰοβόλον
728 365 762 410 nul
778 359 905 420 λνμοιννιωύ
922 365 963 418 ζώω
987 366 1078 423 ἐξέβρα-

115 450 161 487 οενζ
191 442 235 484 οων
250 435 291 483 odo
308 434 401 484 πάντων
417 432 475 494 πούς
490 435 515 482 νύ
531 447 603 498 χεῖρον
617 433 765 497 χωρηούννων
780 430 816 479 did
829 430 1012 491 πούςθηριύελεις
1028 433 1077 478 dal-

115 528 202 568 μονας,
217 507 229 553 ύ
245 504 302 558 Θεύς
318 505 401 557 αύτούς
416 505 490 564 ὥσπερ
506 508 579 564 nunqu
594 506 670 564 ζύμην
686 509 764 560 ἐξελεῖν
780 503 922 563 ἐβουλεύετο,
938 510 975 549 ἵνα
987 501 1020 563 μη
1031 501 1077 551 eled

117 582 203 638 οποροῖς
218 578 304 636 ltelaqc1
319 574 368 624 κου’
384 575 526 623 ἀκολουθίαν
542 576 625 635 εὀοἳονη
640 575 705 637 persei
721 579 749 637 τῇ
763 572 806 633 πού
823 572 894 631 adalta
906 576 1077 632 ἐξομοιουμένη,

101 648 198 707 adpulere
214 647 338 705 οἷοεβούοο,
353 643 394 692 νύν
409 640 521 706 ἐούμενον
537 650 607 694 aluino
625 650 755 706 σωζομένων
770 646 857 704 dodona
872 645 965 705 νενύοη.
994 644 1077 689 τούτου

115 719 142 777 δὴ
157 726 233 766 ἔνευεν
248 720 283 764 ἑνί
298 736 344 764 νινε
359 718 435 775 branta
450 714 509 775 μεού
528 715 788 775 auertendaeque,
810 711 850 762 ούν
873 726 921 765 τοῖς
941 711 1016 761 ου’των
1035 730 1077 770 γυ-

113 787 269 847 νοιιξίν,ύμοι
292 800 337 839 τοῖς
358 788 443 843 adolff,
463 794 487 834 ἐν
508 786 603 845 laenam
623 787 772 843 ελιοιούζεοθοι
793 787 944 844 προωγγείλυς
963 783 1024 843 ύνλωο
1045 787 1077 833 εἰς

113 859 275 918 υωοωκλυομὸν
295 862 427 916 ἐπέκλυσεν,
451 865 489 905 ἵνα
507 859 600 905 πάντων
616 854 807 905 beatudinem&
828 858 912 914 ούομος
932 860 1075 900 nutabundo-

113 933 201 989 (ποθεὶς
217 928 277 991 οὕτω
293 934 322 990 τη]
338 937 362 978 έν
377 928 472 989 λύρνοκι
488 931 621 976 laqueatum
637 933 668 978 εἰς
684 929 790 986 δευτέρον
810 930 862 986 βίον
882 923 954 987 ύρχην
976 918 1076 981 υοιθωρύς

91 1001 231 1060 λούποελοθῄ.
262 1005 297 1049 πολ
316 998 343 1058 dd
360 1000 432 1053 οὕτως
447 1003 542 1059 ἐγένετο.

170 1074 238 1117 XVIII.
266 1073 335 1119 Ἐπεὶ
348 1067 388 1118 οὖν
404 1071 621 1117 attenuandam
634 1068 747 1129 μγύνοων
763 1072 833 1131 ψυχαὶ
849 1071 893 1115 οων
909 1062 1076 1125 οἷνθρωπίνωνὸ

112 1148 189 1204 ψυχων
205 1146 295 1198 μείζους
310 1139 380 1199 ἦσαν,
402 1140 442 1186 dna
463 1138 489 1197 dp*
507 1142 543 1186 nol
559 1151 603 1190 τοῖς
620 1138 722 1198 ούμοοιν
742 1137 905 1200 ύπερέχουσοι,
928 1135 973 1188 alat
995 1136 1075 1184 νοπνόν

111 1215 176 1272 γένος
192 1214 312 1267 κοινωνοὶ
329 1214 357 1271 aq]
373 1209 470 1265 ὀνύμοιοι
484 1207 711 1269 προσηγορεύθησαν.
750 1208 783 1260 οἷς
799 1209 927 1259 ἐπιλοίπους
948 1227 978 1264 up
998 1207 1074 1266 νύομω

111 1279 140 1333 οἷς
156 1285 188 1328 dai
202 1284 283 1340 βιοῦν,
298 1278 345 1328 tal
362 1282 422 1327 Θεού
440 1277 466 1324 ‹b‘
482 1275 590 1337 ἀγγέλλων
605 1279 676 1338 νόμος
691 1275 785 1337 alpinae.
823 1277 887 1331 ὄντες
902 1276 945 1336 peip
960 1278 1029 1324 νόθοι
1045 1278 1079 1333 νῷ,

89 1355 170 1410 tuydam
186 1357 209 1398 ἐν
225 1351 295 1410 πυρὸς
311 1350 409 1411 ω’γγέλων
424 1352 460 1396 aut
475 1356 574 1408 οιῖμοιοος
589 1352 712 1408 γυναικών,
735 1353 770 1396 πολ
791 1347 827 1395 deo?
843 1350 912 1395 οούυο
936 1350 994 1395 idion
1013 1345 1075 1398 πενύς

111 1426 190 1482 γένους
205 1427 331 1479 ἐπιθυμεῖν
348 1412 482 1479 μέλλοντες,
497 1422 573 1480 dtuon'rp
591 1424 634 1466 πινλ
651 1420 913 1480 ποοεληφθηοοιννόμω.
943 1421 1074 1477 ἐξεπέμφθη

111 1490 154 1551 peip
170 1488 247 1542 ούοοῖς
261 1489 307 1539 ύπύ
318 1494 359 1537 πού
369 1493 430 1537 Θεού
441 1491 449 1519 ⁵
465 1487 559 1549 ἄγγελός·
570 1510 610 1542 τις,
625 1488 667 1550 τήν
675 1489 747 1537 odron·
754 1489 841 1549 βουλὴν
849 1489 943 1549 μηνύων
952 1491 989 1536 καὶ
998 1492 1073 1549 λέγων.

168 1563 220 1607 XIX.
255 1560 315 1609 Tdda
331 1563 391 1608 ιλουεῖ
403 1563 432 1621 up}
447 1561 600 1623 πωνεεπύπνη
619 1564 678 1621 Θεῷ,
696 1558 796 1618 μηελενύς
812 1557 940 1618 ἀνθρώπων
955 1557 1017 1618 ύμᾱς
1034 1578 1074 1606 ωυ-

112 1633 208 1692 ριεύειν,
223 1633 281 1691 μηδέ
297 1636 442 1691 παρενοχλεῖν
456 1632 549 1689 μηθενὶ,
571 1629 611 1677 aba
627 1630 659 1689 μη
674 1650 707 1681 τις
722 1628 777 1677 datin
793 1629 876 1677 ἑαυτὸν
888 1630 945 1688 ύμῖν
962 1632 1073 1677 καταδου-

87 1776 203 1818 2oanimalia
220 1780 321 1816 venenata
337 1779 357 1816 et
373 1773 468 1815 nocentia
483 1772 532 1814 iecit
548 1772 638 1813 ebullire.
670 1771 752 1813 doricus
768 1785 819 1826 ergo
833 1772 857 1814 ad
872 1772 976 1815 deteriora
986 1779 1072 1828 propter

109 1847 166 1889 feros
180 1833 293 1888 daemones
309 1844 452 1900 vergentibus,
468 1844 525 1886 Deus
540 1843 585 1885 illos
602 1848 704 1897 tamquam
720 1843 793 1884 malum
809 1843 933 1886 fermentum
942 1845 1015 1887 tollere
1032 1846 1072 1887 de-

109 1918 185 1972 erevit,
201 1928 227 1958 ne
244 1928 255 1956 a
271 1916 323 1957 malo
339 1915 417 1958 semine
432 1927 470 1968 per
490 1914 565 1957 seriem
581 1926 719 1968 rrnaqnaeque
736 1920 792 1957 aetas
807 1914 940 1968 praecedenti
957 1918 1071 1973 assimilata,

109 1989 227 2041 pariterque
240 1986 307 2041 impia,
323 1985 413 2027 intutum
424 1984 569 2027 salvandorum
580 1983 685 2026 bominum
696 1985 801 2026 saeculum
812 1986 911 2027 aboleret.
941 1986 1072 2042 Quapropter

108 2064 218 2112 postquam
233 2057 328 2097 univiro
343 2058 410 2111 Justo,
426 2068 472 2097 eum
488 2056 552 2097 tribus
568 2067 656 2109 euinque
673 2056 752 2097 illorum
767 2058 866 2100 uxoribus
890 2063 952 2112 atque
974 2058 1028 2113 filiis,
1049 2064 1072 2100 ut

86 2130 129 2175 asin
147 2141 196 2170 arou
212 2127 324 2168 evaderent
340 2127 515 2181 praenuntiasset,
532 2138 604 2179 aquam
621 2126 689 2168 diluvii
703 2127 792 2183 immisit,
808 2134 830 2170 ut
846 2130 939 2171 erunibus
951 2131 1070 2185 consumtis,

108 2198 198 2239 niundus
213 2202 313 2251 purgatus
330 2198 359 2251 ei,
376 2197 446 2251 quiin
462 2210 509 2238 arca
525 2202 619 2239 servatus
636 2197 714 2253 luerat,
735 2199 756 2239 iu
771 2199 884 2241 seeundum
899 2202 952 2241 vilae
968 2200 1069 2243 humanae

108 2269 229 2323 principium
244 2280 309 2321 purus
324 2266 454 2309 redderetur.
484 2266 553 2322 Atque
568 2267 596 2308 ita
611 2269 686 2310 evenit.

166 2339 233 2382 XVIII.
263 2340 314 2388 Quia
330 2351 381 2394 ergo
397 2344 525 2381 mortuorum
543 2338 651 2393 Gigantum
672 2340 751 2381 atrimae
772 2339 864 2382 humanis
885 2340 989 2384 animabus
1011 2348 1070 2385 erant

108 2411 208 2465 majores,
231 2415 253 2452 ut
270 2422 323 2465 quae
342 2410 464 2452 erratione
487 2422 598 2464 eorporum
615 2410 752 2464 excellerent,
777 2416 879 2465 tanlquam
900 2423 977 2454 norum
1002 2427 1068 2469 genus

84 2494 184 2529 equorum
199 2493 275 2522 nomen
292 2485 422 2535 acceperunt.
453 2480 531 2528 Quibus
547 2481 690 2533 superstitibus
706 2481 726 2521 in
742 2481 830 2536 inundo,
849 2493 890 2535 quo
912 2483 973 2525 modo
994 2486 1069 2526 viven-
1091 2526 1093 2529 .

107 2552 165 2608 dum,
183 2564 194 2592 a
210 2551 254 2592 Deo
270 2564 307 2605 per
321 2551 423 2606 Angelum
439 2552 517 2593 sancita
534 2555 564 2592 est
578 2551 619 2593 lex.
663 2550 719 2593 Cum,
737 2552 790 2593 enim
811 2558 880 2595 essent
899 2565 978 2607 genere
999 2556 1068 2610 spurii,

106 2635 133 2664 ex
147 2624 196 2677 igne
212 2620 338 2675 Angelorum
353 2627 373 2664 et
388 2622 495 2664 mulierum
512 2622 623 2678 sanguiue,
647 2629 667 2665 et
689 2621 737 2664 ideo
758 2624 863 2677 proprium
880 2624 982 2678 quoddam
1001 2638 1068 2680 genus

107 2699 178 2737 essent
194 2693 332 2746 concupitum,
345 2694 401 2748 justa
417 2694 484 2748 aliqua
500 2693 547 2748 lege
563 2694 709 2748 praeoccupati
725 2699 777 2736 sunt.
814 2694 887 2737 bilssus
909 2696 965 2741 enim,
985 2696 1010 2738 ad
1032 2708 1068 2738 ees

107 2772 138 2809 est
154 2779 165 2807 a
181 2765 226 2807 Deo
245 2765 326 2819 qnidam
341 2766 445 2823 Angelus,
461 2768 513 2809 illius
530 2766 656 2808 voluntatem
672 2765 789 2819 declarans,
804 2764 835 2808 bis
850 2766 930 2809 verbis:

83 2850 102 2884 aa
164 2836 216 2879 XIX.
247 2836 420 2879 Ilaecvisasunl
436 2830 724 2892 omniuminspeetoriDeo,
747 2849 785 2878 vos
805 2837 825 2878 in
841 2838 943 2879 neminem
962 2837 1067 2878 bominum

107 2910 216 2964 dominari,
233 2920 302 2962 neque
318 2908 352 2949 ulli
367 2909 477 2951 molestiam
492 2910 581 2963 inferre,
597 2909 635 2951 nisi
651 2910 695 2963 quis
711 2908 783 2950 volens
799 2921 822 2951 se
838 2908 896 2952 vobis
911 2910 932 2949 ln
948 2909 1066 2951 servitutem

139 3079 156 3114 l.
186 3076 229 3114 Vox
245 3074 309 3128 κακῇ-ς
324 3087 334 3112 u
350 3073 362 3113 S
379 3074 446 3113 omissa
468 3076 485 3115 in
505 3081 573 3116 textum
629 3078 647 3113 l.
679 3071 716 3117 ἕως
731 3074 751 3114 Ο,
781 3077 830 3113 ldem
846 3073 912 3113 deiude
933 3072 1066 3130 προσηγορεύ-

109 3135 162 3172 rediit
177 3147 200 3173 ex
216 3135 236 3173 O.
599 3136 639 3185 θης
654 3128 684 3178 οἷς
700 3129 804 3184 lapidante
819 3135 858 3173 sine
874 3133 1027 3183 interpunctione.

139 3198 157 3231 2.
187 3195 265 3240 λοιποῖς
280 3194 299 3234 G.
523 3188 525 3192 ’
630 3196 647 3232 5.
668 3188 789 3241 Ιὑπ”ωύτού
807 3207 825 3244 p.
841 3188 879 3233 tad
895 3193 930 3232 πού
948 3192 998 3234 Θεοῦ
1014 3195 1035 3234 O.

138 3255 157 3292 3.
188 3248 320 3307 ἀνθρωπείων
336 3253 356 3294 0.
