2276 3612
105 216 151 267 xix,
169 221 202 283 al.
487 189 489 194 ’
570 221 612 265 394

104 335 181 387 ἕτερον
203 335 326 394 ἐρχόχιινον
348 330 486 387 κιφαλαισνς
508 331 555 381 o'll’
570 332 665 394 σίχνοίας
686 355 720 384 σοι
743 335 785 380 τὸ1
804 335 931 381 πείθεσθαι
953 343 1070 395 παρεῖχον,

105 404 144 445 ἵνα
160 400 195 447 ἐντ’
211 403 264 448 ἄλλο
279 405 349 460 ἔλθῃς
364 400 500 457 κεφάλαιον,
516 403 584 467 ὅπως
604 405 679 462 νιοίσιχς
700 403 849 464 &proles-ooo
864 402 948 460 Ιιινιθῶν
966 397 1001 459 ,ιινλ
1017 421 1068 448 στο-

103 471 230 530 χαζὸιιενος
246 467 402 529 τατθγινῶστω
419 490 466 518 σον.
507 472 564 519 ellit
580 477 837 536 ncnlpporpopppdvon]
859 467 902 518 νύν
924 471 986 531 dp'dp2
1001 476 1067 530 τριῶν

103 540 192 598 ἡμερῶν
206 561 247 599 ,lior
263 540 418 601 συγχώρησον,
439 544 476 588 καὶ
499 542 573 590 ἐλθῶν
595 545 657 597 δείξω
679 565 702 592 σε
721 547 792 603 pendia
815 541 897 590 είιλότα.
934 545 1006 589 ταῶτοι
1027 545 1066 588 τοι]

89 613 207 669 σΣίχιῶνος
223 608 328 662 εἰπόντος
345 613 380 656 καί
395 614 475 665 ἐξιέναι
491 614 617 670 μέλλοντος
639 612 720 675 ῶέχιὸς
735 622 778 675 ἔφη
797 612 880 674 πατὴρ·
904 617 990 675 βραχέα
1013 631 1067 670 χιον,

104 684 195 739 Σίμων,
211 682 351 736 ἐπακούσας,
366 680 394 733 ῶς
411 702 445 730 σοι
460 686 526 742 φίλον
543 688 617 739 ἐστίν,
634 686 738 744 κορείαν.
769 685 903 743 μέμνημαι,
924 682 951 735 ῶς
967 681 1009 744 τήν
1025 682 1066 741 dp·
1094 687 1096 691 '

101 749 142 809 χὴν
159 748 202 810 ιιρὸ
218 754 259 809 τῆς
274 750 394 809 ζητήσεως,
410 752 437 803 ῶς
453 751 521 811 Ιιιιχντῶ
538 747 618 813 barole
634 774 679 813 paco
695 753 784 815 λοβῶν,
800 754 929 812 προλήψεις·
938 773 984 810 χιον
1000 758 1066 801 κακὲ,

101 837 173 877 φερες.
203 823 238 867 καὶ
254 822 299 868 νῶν
315 823 337 867 dd
353 820 484 880 ἐπαλλήλως
500 822 601 875 ἀκούσας
617 829 656 882 τῆς
672 823 779 883 ζητήσεως
796 829 831 873 καὶ
847 826 955 883 ustulat
970 829 994 869 ἐν
1006 822 1064 870 οἰκε-

100 892 155 950 ροχχ]
170 889 239 949 pande
253 893 289 936 καὶ
306 890 367 951 adop}
384 888 408 937 td
424 893 550 950 νῖλιχθειίειν
565 898 609 943 νῶν
625 894 691 949 dodo,
707 896 729 940 τί
744 914 779 940 σοι
795 896 909 952 φαίνομαι
925 892 1000 952 ὀρθῶς
1015 896 1068 951 κρί->

76 958 324 1018 1ονεινείιλῶς,ἢοῦ;
342 966 362 1007 εἰ
377 966 421 1018 μὲν
436 959 479 1020 χοίρ
495 961 569 1021 ὀρθῶς
584 963 693 1023 κρίναντνί
713 983 742 1021 με
759 967 840 1023 φαίης,
860 961 894 1022 ,ον’
916 966 1003 1025 συνθῇ,
1026 970 1064 1010 ἵνα

101 1026 134 1086 ,αὴ
150 1031 240 1090 φαίνῃ4
255 1033 450 1091 προειλνχχιχιένος,
474 1031 537 1079 tuat
553 1035 611 1091 χιετσί
629 1035 755 1092 ὁμολογίαν
771 1033 861 1090 depost
885 1037 1015 1082 συνθέσθαι
1030 1034 1064 1095 μή

97 1097 181 1146 'alluat
211 1105 231 1146 εἰ
246 1097 264 1146 d’
281 1099 324 1158 d'po
340 1099 374 1160 μή
390 1099 462 1160 ὀρθῶς
482 1099 523 1148 τὸν
543 1106 629 1162 Πέτρον
650 1110 673 1149 ἐν
690 1102 789 1164 ῶιτεροχῂ
806 1106 846 1161 τῆς
873 1103 982 1163 ζητήσεως
1007 1101 1064 1151 τίκτο-

101 1168 231 1230 posadum,
252 1171 279 1219 od
295 1170 356 1231 ἡμᾶς
372 1184 460 1228 νιοῑσσν,
475 1176 521 1223 πῶς
537 1174 578 1220 οὐκ
594 1171 666 1232 ὀρθῶς
682 1176 815 1233 ἐκρίναμεν,
828 1172 844 1232 ἢ
859 1176 903 1222 κοῶ
917 1181 989 1233 ζητεῖν
1005 1171 1065 1236 αὐτῷ

99 1242 135 1285 ἐπὶ
149 1242 244 1298 ,πάντων
260 1241 294 1301 μὴ
309 1243 403 1303 παιίσχ,
426 1245 475 1290 ἐπεὶ
497 1251 558 1290 ἔσται
582 1263 616 1290 σοι
637 1244 741 1291 ἑκάστοτε
764 1242 883 1305 ἦττοιριὲνιρ
904 1248 939 1291 καὶ
956 1252 1064 1292 σνντιθε-

49 1332 51 1335 ·
75 1311 166 1367 ιςχιίνχν.
196 1311 250 1370 ἢιλὲ
265 1309 291 1358 τὸ
309 1314 425 1361 αἰδεῖσθαι
440 1321 496 1376 ἔχεις
512 1312 558 1362 clud
574 1312 667 1362 πάντων
684 1317 729 1360 τῶν
745 1312 860 1372 ῶκροατῶν
881 1311 932 1360 doni
953 1317 1064 1374 Ιιιεχίστιχς

95 1382 207 1437 τιμωρίας
222 1386 437 1445 καταχινωσκομίνῳ
453 1387 489 1431 καλ
505 1382 674 1446 οίσχνχιονοῶντι
696 1382 743 1432 lind
763 1382 982 1443 conerddoeo96'ndr
998 1403 1064 1431 σεσιν-

99 1453 142 1497 nov'
158 1447 234 1511 ῶλχεῖν
250 1454 335 1514 ψυχήν·
354 1450 378 1499 τὸ
394 1452 437 1513 χιλρ
453 1457 588 1511 νενικῆσθαι
605 1462 659 1514 ἔργῳ
675 1456 777 1511 εἴιλοιιεν,
791 1455 837 1500 ’τὸν
854 1457 877 1501 δὲ
895 1456 1063 1514 ἐπαγγελλόμε-

99 1516 140 1585 νόν
156 1537 196 1567 οον
218 1519 285 1581 λόχον
305 1519 443 1581 ἠκούσαμεν.
481 1526 551 1580 ιιὲρας
569 1526 627 1583 γοῦν
648 1521 688 1570 οὐκ
708 1526 785 1581 οἶμαι,
807 1529 831 1570 σὲ
851 1527 889 1572 ἐπὶ
909 1524 951 1584 τήν
970 1524 1064 1584 ζήτησιν

74 1735 231 1786 20satislactusl
262 1734 303 1778 Sed
319 1736 365 1779 dedi
382 1737 514 1780 occasionem
530 1737 629 1779 inscitiam
645 1737 681 1778 tibi
695 1736 844 1793 persuadendi,
866 1743 888 1779 ut
909 1738 934 1779 ad
954 1738 1008 1779 aliud
1024 1745 1062 1780 ca·-
1136 1768 1138 1771 v

98 1808 181 1861 pitulnm
198 1820 322 1863 progressus
345 1814 388 1851 tota
408 1808 523 1863 ignorantia
543 1814 578 1851 tua
601 1808 685 1863 cognita
704 1821 746 1850 non
768 1810 888 1863 conjectans
909 1813 930 1850 te
946 1794 1074 1863 dijudicem.¹

97 1878 137 1922 Sed
154 1883 196 1921 tres
212 1891 257 1920 cum
268 1880 311 1934 Jam
326 1880 470 1934 praeterierint
486 1879 540 1934 dies,
557 1891 636 1920 mecum
651 1878 730 1920 dissere
748 1884 768 1920 et
783 1878 922 1920 continuando
939 1892 979 1933 ego
989 1884 1061 1921 osten-

97 1949 149 2003 dam,
166 1952 186 1990 te
202 1949 250 1990 nihil
263 1951 324 1993 scire.
354 1951 410 1992 Haec
426 1963 471 1991 cum
488 1949 557 1991 Simon
572 1950 654 1991 locutus
671 1955 727 1992 esset
742 1954 762 1990 et
778 1950 835 1990 exire
851 1948 919 2004 vellet,
934 1935 993 2003 pater
1003 1962 1061 1992 meus

97 2019 157 2061 dixit:
173 2020 277 2081 Paululum
293 2034 326 2063 me
342 2007 444 2076 ausculta,
460 2019 539 2075 Simon,
559 2025 580 2061 et
595 2025 679 2075 postea,
695 2021 712 2062 si
727 2019 793 2074 lubet,
808 2018 949 2073 proficiscere.
980 2020 1062 2062 lllemini

72 2096 117 2136 cote
132 2091 188 2134 initio
199 2092 348 2147 disputationis,
364 2092 423 2146 quasi
437 2105 469 2132 me
485 2103 527 2133 non
543 2091 677 2146 cognoveris,
693 2091 894 2133 divinationesmeas
905 2092 1060 2144 contempsisse.
1110 2111 1112 2114 ·

96 2162 135 2204 Sed
148 2163 190 2216 jam
207 2175 253 2204 cum
269 2163 352 2204 alterins
367 2162 429 2215 partis
444 2161 605 2215 disquisitionem
622 2161 745 2216 audiverim,
769 2167 854 2202 rectene
869 2161 903 2201 tibi
919 2167 1011 2204 statuere
1026 2163 1060 2204 vi-

96 2233 148 2275 deor
171 2247 196 2275 an
219 2245 273 2289 non,
298 2234 315 2276 sl
334 2234 415 2275 Petrum
437 2239 458 2275 te
479 2232 606 2285 superiorem
628 2232 762 2287 crediderim,
785 2243 875 2286 eumque
897 2244 969 2273 verum
990 2232 1060 2275 dicere

95 2303 210 2345 confitear?
242 2303 263 2346 Si
279 2304 361 2357 quidem
377 2308 434 2346 recte
449 2317 481 2346 me
497 2315 583 2346 censere
599 2303 660 2358 dicis,
676 2303 718 2346 noli
733 2303 820 2357 pacisci,
840 2314 866 2343 ne
881 2302 971 2345 videaris
986 2317 1061 2358 quam-

95 2376 126 2416 vis
140 2379 307 2428 praeoccupatus
323 2375 355 2416 vel
371 2387 397 2416 ex
412 2370 516 2417 consensu
533 2380 553 2417 et
571 2375 637 2416 victus
654 2374 708 2416 nolle
725 2360 851 2415 concedere:
884 2372 919 2420 Sin
937 2374 1018 2416 Petrum
1041 2376 1060 2416 in

70 2446 233 2500 ecdisputationc
249 2447 377 2498 superiorem
394 2458 440 2489 esse
457 2458 498 2488 non
513 2452 572 2490 recte
588 2445 733 2500 ostendebam,
749 2443 852 2498 persuade
868 2443 939 2495 nobis,
955 2445 1059 2499 quomodo

95 2529 137 2559 non
152 2522 210 2558 recte
227 2519 378 2572 censuerimus,
400 2523 434 2559 aut
449 2518 490 2559 noli
504 2529 588 2560 cessare
604 2530 615 2558 a
631 2516 774 2571 disquisitione
796 2527 865 2557 coram
887 2517 991 2573 omnibns,
1015 2529 1060 2558 cum

94 2588 129 2630 tibi
146 2587 266 2629 alterutrum
284 2588 361 2641 eligere
377 2588 455 2630 licebit:
475 2593 509 2629 aut
530 2589 624 2641 superari
644 2593 678 2629 aut
697 2598 846 2640 componere.¹
868 2585 908 2629 Sed
928 2592 950 2629 tu
970 2586 1060 2630 fortasse

93 2659 173 2713 pudere
188 2670 259 2700 coram
275 2658 369 2699 omnibus
387 2659 514 2711 auditoribus
530 2659 637 2700 maximam
652 2663 712 2711 putas
728 2669 815 2710 poenam
832 2658 861 2713 ei,
883 2657 925 2713 qui
937 2657 1059 2712 dijudicatus

94 2735 133 2778 est,
151 2718 283 2782 ouiaparlcs
299 2729 351 2769 male
367 2729 444 2785 egerit,
461 2735 523 2771 etex
540 2729 666 2771 conscientia
690 2727 783 2788 dolorem
799 2728 894 2781 patiatur:
916 2741 962 2769 nam
984 2731 1059 2778 vtetum

68 2806 114 2843 este
130 2813 177 2842 esse
192 2813 216 2843 rc
231 2801 275 2854 ipsa
290 2801 376 2856 scimus,
392 2812 436 2842 cum
453 2801 568 2843 orationem
584 2812 595 2841 a
611 2805 631 2842 te
651 2798 753 2852 prolatam
769 2799 912 2842 audiverimus.
950 2800 1059 2843 Praeterea
1101 2794 1102 2798 ’
1128 2802 1138 2861 ’χ

128 3036 145 3073 1.
175 3032 249 3073 τοῦθ.
486 3047 488 3050 ·
590 3029 611 3073 δὲ
628 3026 651 3071 σὺ
669 3026 729 3087 peirn
745 3030 766 3069 0.

129 3096 147 3131 2.
177 3091 211 3132 νῦν
227 3087 247 3131 δὲ
264 3093 286 3132 0.
621 3092 639 3129 5.
670 3088 768 3141 ἣττανθ,

129 3153 148 3188 3.
179 3149 251 3204 ιιέιρος
265 3153 290 3202 0,
307 3153 336 3203 qui
354 3152 420 3191 deinde
435 3147 468 3191 καὶ
483 3149 504 3191 τί
516 3164 534 3201 p.
544 3148 568 3191 τί.
623 3154 641 3189 6.
671 3144 814 3201 σννιιδηνίστοις
830 3145 851 3188 0.

129 3211 149 3247 4.
186 3204 217 3250 ἵνα
231 3206 334 3266 μὴφαίνχ
356 3212 399 3251 dedi
418 3222 440 3250 ex
456 3213 568 3266 conjecturo,
