2276 3612
531 198 574 244 313
920 199 958 248 xv
974 202 992 237 ο.
1011 203 1029 238 ο.

70 316 151 373 ἄατον,
167 332 208 359 τον
201 313 315 368 adanon,
330 334 370 361 νον
386 320 477 373 aprutino
492 315 528 359 και
545 311 618 358 uttan
633 315 741 361 τοιοατνιν
757 315 831 360 τινών
869 315 890 355 οἱ
906 311 929 355 δὲ
946 301 1028 354 οἲὸικειν

70 383 116 432 απὸ
132 386 174 432 σού
189 388 340 473 νομισθέντος
358 397 403 436 τοῖς
425 386 541 468 ἐσομένοις
563 382 659 441 ἀγαθοῖς
681 378 894 442 6969606106699
914 376 1030 464 συναπαρ-

71 473 156 516 χονοιν
186 457 221 501 καὶ
236 452 248 500 6
264 474 338 512 πατηρ
354 453 409 515 πρὸς
425 456 496 500 ταῦτα
513 453 658 513 ἁπεκρίνατο·
681 458 723 501 νῦν
744 475 773 513 με
796 453 850 500 6ns²
870 454 980 501 πέπεικας
995 443 1029 496 ὅτι

71 530 92 571 οἱ
108 523 239 576 οἷδικούντες
255 522 319 571 αὐτοὶ
336 527 480 576 admodum,
503 530 522 571 οἱ
538 527 561 571 dd
576 522 720 581 dtuoe'puuot
735 527 823 581 μᾶλλον
845 522 1030 574 πλεονεκτοῦσιν,

72 600 103 642 ε”τι
120 597 208 651 μᾶλλον
224 594 361 643 εἰδικώτατον
375 596 447 644 ὅλανό
462 615 502 655 ,ιιοι
519 598 622 654 φαίνεται
638 594 663 642 τὸ
679 597 785 654 πρᾶγμα,
801 593 835 640 ὅτι
851 600 871 641 οἱ
880 597 925 651 ,ιιὲν
934 592 1047 637 (λαντον-τ

71 683 107 715 τες
123 662 205 709 ddum
222 665 293 711 πολλοὶ
310 678 355 717 τοῖς
370 666 398 713 τα
414 665 511 725 ε’σόιιενα
527 667 643 723 ἑλομένοις
659 666 816 726 ανγχαρονοιν,
830 671 851 712 oi
867 667 891 712 δὲ
909 664 1030 710 domitores

72 734 199 780 ἀδικεῖσθαι
215 734 278 781 αὐτοὶ
295 734 420 790 οἷὸιιισασιν,
436 735 471 782 ὅτι
487 733 514 781 ed
531 736 599 792 dpuu
616 730 642 779 ον’
657 737 791 794 παρέχουσιν
806 739 848 779 ἐκεῖ
862 744 907 783 τοῖς
923 732 1030 778 ἐνταῦθα

73 803 150 854 αὐτοῖς
167 805 364 865 σογκεχοιρηκόσιν,
380 806 394 853 6
412 806 495 853 utenti
508 802 585 855 αὐτοῖς
601 801 764 863 συνεχώρησαν.
794 806 829 849 καὶ
841 803 852 848 6
864 805 960 859 Πέτρος·
979 798 1030 847 σιιίλὲ

72 873 245 928 potiundorum,
268 872 304 920 δια
319 875 344 921 τὸ
361 879 464 932 ἐξουσίαν
478 881 536 938 ἔχειν
557 882 652 921 ἕκαστον
672 872 700 918 τοι
716 872 818 930 παρόντα
841 877 951 929 αἱρεῖσθαι
971 868 1028 929 ded

72 946 195 1001 μέλλοντα,
211 947 255 989 εἴτε
270 943 339 1003 9ua9d
357 950 403 1005 εἴη,
418 951 462 992 εἴτε
477 942 573 1006 μεγαλα.
603 945 650 1002 ἰδία
666 945 734 1001 κρίσει
751 942 792 988 aut
801 944 874 1000 βουλῇ
895 939 906 987 6
922 940 1054 999 ἑλόιιενοςίῦ

72 1011 110 1061 οὐκ
127 1012 247 1063 dolueram,
263 1015 316 1072 λέγω
332 1014 375 1072 δ’ἡ5
390 1014 436 1063 066¹
452 1016 480 1064 οἲν
496 1015 523 1062 πολ
540 1011 610 1099 9nttqoi
626 1017 713 1072 ἕληται,
737 1014 785 1058 ἐπεὶ
806 1013 920 1070 προέκειτο
939 1006 967 1055 ed
987 1028 1029 1066 pus·

71 1082 136 1141 putta.
167 1101 281 1141 προεκειτο
296 1082 340 1141 969
355 1084 416 1142 αὕτα)
430 1089 465 1133 καὶ
481 1086 514 1132 καὶ
525 1083 603 1167 999996
640 1084 677 1128 aui
693 1080 705 1128 6
721 1080 795 1141 96969
811 1086 865 1140 ἐφη·
876 1076 952 1138 ὀρθῶς
964 1083 1030 1176 ἔφης,

74 1173 109 1198 και
124 1170 167 1211 γαρ
182 1155 269 1212 εἴρηται
285 1172 330 1199 τινι
345 1154 461 1212 Ἑλλήνων
476 1158 545 1216 σοφῷ·
562 1155 623 1199 αιτιά
640 1155 766 1209 ἑλοιιενοιν,
783 1148 869 1201 oedc’
855 1147 981 1199 aautecoefi·

130 1223 163 1267 IX.
193 1218 278 1268 ”Ἀλλ
270 1229 302 1268 e'nr
317 1242 365 1282 ,αην
382 1226 513 1273 qainodedu
529 1244 570 1282 ιιοι
586 1225 662 1269 δίελθε
678 1221 718 1269 τὸν
734 1221 809 1281 λογον
847 1222 969 1279 9te9uat99mt
988 1215 1029 1265 τὸν

76 1292 229 1350 Ki69reuua
210 1290 306 1359 ειπόντα
321 1311 378 1348 μοι,
388 1292 422 1340 ὅτι
437 1294 465 1340 καὶ
482 1292 557 1352 669269
556 1312 610 1339 ιατα
627 1295 661 1337 nai
678 1292 705 1339 τοὶ
722 1291 807 1350 udop⁷
822 1289 943 1347 aiodipsotv
954 1287 1029 1347 ἁμαρ·
1018 1299 1054 1333 -m

31 1383 32 1386 ¹
73 1379 126 1408 raon
141 1354 267 1421 adquam
298 1364 332 1408 καὶ
348 1359 360 1406 6
376 1365 471 1419 Πετρος·
487 1364 561 1420 ὀρθας
578 1369 620 1422 epu
638 1363 766 1412 καλούσας
802 1359 865 1418 ἡμεῖς
880 1356 922 1417 969
943 1363 963 1404 οἱ
979 1358 1027 1405 ἑλό-

74 1511 93 1546 et
109 1504 146 1546 alia
163 1504 262 1558 quaedam
278 1504 399 1558 hujusmodi.
430 1505 467 1554 Oui
483 1516 532 1545 vero
549 1516 560 1545 a
575 1510 595 1545 te
612 1508 708 1558 putantur
722 1503 791 1545 iaoere
807 1503 906 1558 iujuriam,
922 1504 942 1543 in
956 1502 1029 1544 suturis

73 1576 132 1616 tonis
148 1574 202 1615 nulia
217 1586 244 1615 ex
258 1579 315 1627 parte
331 1586 377 1615 oum
392 1575 434 1616 aliis
449 1575 498 1616 viris
514 1574 606 1628 negem
624 1574 649 1615 Et
663 1580 721 1627 pater
736 1573 761 1614 ad
777 1573 828 1614 haeo
844 1572 958 1626 respondit:
974 1585 1032 1629 nuno,

75 1644 155 1699 quando
165 1644 285 1697 persuasisti
300 1643 353 1698 mihi,
370 1657 412 1700 eos,
429 1646 463 1699 qni
479 1645 571 1700 injuriam
586 1643 669 1699 faciunt,
684 1644 779 1700 injuriam
794 1644 841 1698 pati,
856 1656 893 1686 eos
905 1649 977 1698 autem,
995 1645 1029 1696 qui

73 1715 145 1769 injuria
161 1713 286 1769 afficiuntur,
301 1715 367 1767 potius
382 1716 475 1770 injuriam
490 1715 570 1769 facere,
585 1714 650 1755 adhue
664 1715 748 1769 amplius
763 1726 798 1756 res
807 1715 896 1756 omnium
905 1714 1054 1769 iniquissimam

75 1786 122 1827 mihi
135 1786 222 1839 videtur,
238 1786 334 1839 quoniam
349 1786 363 1825 ii
378 1786 464 1841 quidem,
481 1787 515 1840 qui
530 1786 625 1827 videntur
641 1784 736 1827 conferre
751 1785 851 1840 injuriam,
866 1785 928 1826 muita
940 1785 963 1826 iis
975 1796 1030 1825 oon-

74 1856 148 1897 oodunt
164 1857 198 1910 qui
213 1856 280 1897 futura
296 1856 414 1912 elegerunt,
433 1857 466 1910 qui
489 1868 539 1898 vero
561 1856 655 1897 videntur
674 1856 767 1911 injuriam
787 1856 899 1908 sustinere,
925 1855 963 1908 ipsi
985 1867 1029 1896 eam

73 1926 172 1981 inierunt,
189 1926 237 1980 quia
251 1925 376 1980 hominihus,
392 1927 425 1981 qui
442 1927 473 1967 hio
488 1927 536 1979 ipsis
553 1938 688 1981 concessere,
712 1939 753 1968 non
775 1925 875 1979 praebent
895 1926 934 1966 iiiia
950 1924 1029 1980 eadem,

75 1997 147 2050 quihus
163 1997 188 2037 iiii
204 1998 260 2050 ipsos
276 1996 382 2038 donarunt.
413 1997 437 2038 Et
452 1997 533 2039 Petrus:
552 2008 620 2050 neque
636 1996 676 2038 hoo
691 1998 781 2051 iniquum
799 2001 840 2051 esi,
863 1995 1029 2050 quandoquidem

74 2068 214 2121 unusquisque
229 2071 330 2120 potestate
345 2066 448 2119 praeditus
465 2072 496 2109 est
511 2067 649 2120 anteponendi
664 2068 696 2108 vel
712 2067 828 2121 praesentia
844 2067 876 2107 vei
892 2067 970 2122 iutura,
985 2067 1054 2111 εἰκοσι

73 2149 135 2190 parva
151 2138 199 2191 sint,
222 2136 266 2178 sive
281 2148 360 2190 magna.
399 2137 437 2186 Qui
452 2139 533 2191 proprio
548 2138 626 2193 judicio
644 2143 663 2179 et
679 2138 764 2180 oonsilio
781 2138 861 2198 deligit,
882 2149 923 2179 non
943 2137 1029 2179 affioitur

73 2209 156 2263 injuria,
172 2220 249 2262 neque,
272 2208 366 2262 inquam,
388 2209 435 2250 lioet
450 2221 512 2262 parva
533 2208 645 2263 praeferat,
669 2209 750 2263 quando
773 2213 793 2250 et
808 2220 882 2263 magna
903 2208 1030 2261 prostabant.

73 2278 123 2319 Nam
139 2279 157 2320 ei
172 2278 276 2331 proposita
293 2278 352 2319 etiam
369 2285 426 2321 erant
441 2292 494 2333 quae
510 2280 585 2333 exigua
601 2285 653 2321 sunt.
690 2280 715 2322 Et
729 2284 787 2333 pater
803 2280 839 2320 ait:
864 2279 927 2320 Reate
948 2279 1029 2321 iooutus

75 2363 103 2393 os.
133 2349 212 2391 Etenim
228 2349 302 2390 diotum
318 2354 349 2391 est
371 2351 486 2404 aquariam
502 2352 555 2392 inter
571 2349 661 2392 Graecos
683 2352 786 2405 sapiente:
809 2351 875 2404 Calpo
898 2350 1029 2403 deltpeattam

74 2426 115 2471 est,
131 2420 188 2460 Deus
202 2419 263 2472 eulpa
278 2424 341 2460 earet.
1034 2429 1053 2460 ao

131 2490 164 2531 IX.
196 2489 235 2533 Sed
252 2494 272 2530 et
283 2489 348 2530 adhuo
364 2489 417 2531 hano
432 2490 479 2531 mihi
489 2503 561 2532 enarra
575 2488 681 2532 iationom.
710 2491 792 2533 Memini
802 2491 926 2532 Clementem
940 2490 986 2530 mihi
997 2490 1029 2531 di·
1074 2479 1075 2482 Ἴ

75 2575 135 2617 aare,
150 2573 189 2602 nos
204 2560 287 2614 injurias
304 2565 324 2601 et
340 2559 458 2603 afflictiones
474 2561 498 2601 ad
514 2566 645 2614 peooatorum
661 2562 803 2604 remissionem
820 2562 867 2615 pati.
905 2561 929 2603 Et
949 2561 1029 2601 Petrus:

75 2633 137 2675 Recte
153 2633 178 2672 ita
194 2630 259 2671 habet.
289 2630 331 2672 Nos
348 2633 411 2688 enim,
428 2632 461 2686 qui
477 2631 544 2673 futura
561 2632 675 2686 maiuimuS,
696 2645 748 2686 quae
764 2634 821 2687 plura
837 2632 976 2687 possidemus,
991 2643 1028 2672 seu
1045 2657 1047 2660 -

106 2845 124 2881 1.
152 2842 201 2889 tege
222 2837 241 2879 ἐν
260 2843 301 2884 τοῖς
325 2838 424 2891 ἐσομένοις
444 2844 486 2886 τοῖς
506 2838 537 2892 69.
593 2846 610 2879 6.
642 2841 677 2878 Cir.
692 2843 736 2881 Piat.
754 2845 777 2881 de
793 2844 865 2892 Repii,
880 2845 929 2885 oin,
945 2842 964 2878 Ε.
981 2841 1028 2878 Seu-

75 2896 128 2947 ἀνδ.,
152 2900 301 2948 quemadmodum
328 2912 383 2949 supra
402 2902 499 2949 legebatur
519 2898 538 2940 ἐν
562 2900 617 2938 tentia
633 2899 662 2937 iila
678 2908 792 2951 ‹prantopere
808 2916 817 2940 a
834 2900 952 2949 scriptoribus
962 2905 1027 2947 poste-

75 2963 116 3004 τοῖς
131 2957 218 3010 παροῦσι
235 2952 317 2997 σύνεισιν
333 2962 375 3003 τοῖς
390 2962 466 3005 κακοῖς.
483 2961 501 2998 S.
562 2958 615 2996 rionis
632 2959 696 2998 aetatis
713 2963 804 3001 celebrata
814 2960 873 3009 tuerit,
888 2961 955 3000 donent
965 2959 1028 2998 Asiins

104 3024 123 3058 2.
153 3013 186 3058 ὅτε
200 3029 236 3056 orn.
252 3017 274 3057 0.
282 3029 288 3067 ς
563 3018 585 3055 ad
601 3018 617 3056 lr.
634 3018 645 3055 l.
663 3023 681 3056 et
695 3021 812 3061 Elmeuhorst
833 3020 854 3056 ad
874 3018 944 3056 Arnon,
964 3024 1028 3058 eontra

104 3080 123 3117 3.
153 3072 200 3116 ὅλον
216 3076 235 3116 Ο.
271 3127 277 3132 1
412 3074 414 3076 ’
562 3077 656 3124 gentesll,
671 3085 730 3126 960.
760 3080 799 3117 ntia
815 3077 869 3115 uideri
884 3076 898 3113 C
914 3077 1028 3117 adnostrum

104 3139 124 3175 4.
154 3136 240 3174 Fortasse
256 3133 317 3173 οὑτοι.
333 3133 352 3171 S.
561 3135 628 3172 loeum.
644 3136 662 3173 S.

108 3197 126 3234 5.
156 3189 179 3244 δὴ
195 3195 217 3244 S,
233 3189 254 3233 δὲ
272 3192 286 3230 C
301 3191 322 3230 0.
593 3196 612 3231 7.
642 3191 754 3247 παθήματα
770 3193 791 3233 0.
