2276 3612
516 258 557 305 211
888 257 917 310 nt,
934 261 968 300 21.
984 258 1018 299 aa.

60 367 107 423 ὥστ’
123 370 152 419 ἀν
167 366 220 434 κοός
236 374 359 431 ἐφεστῶτας
375 373 447 430 λέγειν
463 371 549 432 eodem,
565 376 631 428 ἐλθέ,
650 376 686 422 καὶ
702 378 789 435 ἔρχεται
801 373 817 428 ²,
833 372 871 418 καὶ
889 369 960 429 dila,
975 389 1018 417 κο-

60 445 136 505 ρεόου,
151 444 187 489 καὶ
204 443 351 503 κορεόεκαιῖ,
367 442 437 493 οὕτως
452 443 487 488 καὶ
503 439 515 488 ό
531 444 580 502 Θεῷ
594 443 676 492 ἑαυτόν
691 443 805 498 ἀκοδοός,
820 437 901 492 κιιοκός
917 440 956 496 ἀν,
970 442 1020 487 δαί-

2 543 6 573 ;,,
60 515 113 576 μοοί
127 532 150 558 κε
165 515 201 561 καὶ
217 514 303 561 addent
317 509 392 571 μόνον
407 514 477 571 λέγων
493 509 609 567 ἀκοόεκαι,
624 518 658 562 καὶ
674 513 943 576 όκοχοιρουοιδαόμονες,
959 510 1019 558 πολι)

59 582 194 646 ἰσχυρότεροι
215 583 279 636 ὄντες
300 585 344 630 κάν
365 581 510 630 κελευόντων.
550 578 654 643 ἀφράοιφ
673 583 717 644 γάρ
742 581 838 642 δυνάμει
861 582 902 630 κόν
923 581 1020 629 aedoeon

2 647 4 665 ³
59 657 116 701 νοόν
131 649 212 705 &taeda
226 652 349 700 όιιοκόσαει
364 644 505 711 ᾦβοόλεται.
536 648 564 702 οἷς
579 651 622 711 γάρ
636 653 676 700 κόν
689 654 793 712 Καίσαρα
802 651 948 713 πεφόβηνται
961 650 1036 698 duent>

58 723 180 781 dodonaeo
196 725 275 772 πολλοὶ
290 721 402 781 η’γεμόνες
417 719 477 779 praed
494 722 573 768 κιαοιόν
587 724 632 768 κάν
647 724 799 781 παρεμβολῶν
815 726 850 770 καὶ
865 724 962 777 πόλεων,
979 723 1019 779 eps

57 790 149 840 ἑκάσκου
164 793 274 852 καρδίαςὸ
289 794 334 838 τών
349 789 406 839 ὅλων
422 791 500 840 εἰκόνα
515 794 632 851 κροοιμάν
647 794 798 852 σπευδούσης·
816 796 877 841 Θεοῦ
884 792 928 852 γάρ
943 795 1019 853 βουλῇ

57 859 83 910 κά
98 861 174 910 adora
191 865 346 922 δεδουλωμένοι
369 862 433 924 φόβῳ
452 863 496 923 νην
516 865 594 911 αἰτίαν
611 860 650 910 οὐκ
667 864 736 911 οἶδεν·
767 863 826 911 οὕτω
846 865 881 910 καὶ
904 865 945 910 τόν
968 861 1018 922 Θεῷ

2 925 4 969 {
56 931 227 992 κροσφεόγονοα
242 935 280 980 καὶ
297 929 340 990 την
362 935 452 982 δικαίαν
473 937 552 982 πίστιν
567 933 640 994 ὥσπερ
660 935 736 983 εἰκόνα
751 932 824 981 adeor]
846 939 871 980 ἐν
891 935 920 992 τῇ
943 932 1016 980 κότου

55 1002 199 1062 βαοοάζονυα
213 1006 292 1065 καρδίη
307 1006 385 1053 adnuet
401 1005 429 1054 κά
445 1004 568 1055 παδοκοιά
584 1008 707 1066 πνεύματα
731 1006 789 1066 οιμρῖ
807 1005 843 1051 καὶ
860 1001 950 1062 φθόνει,
971 1020 1043 1063 po-10

55 1074 104 1132 οικη
119 1075 165 1120 vot
182 1073 226 1135 ὁδῷ
241 1078 401 1135 κεφοβημένα.

1 1192 3 1199 ζ
111 1144 171 1189 XXII.
201 1142 264 1193 ’Ati'
283 1144 343 1204 ὅμως
358 1144 418 1195 adul
440 1146 525 1201 κάνκες
547 1151 656 1208 δαίμονες
675 1145 734 1208 praed
754 1143 848 1192 κάνκαν
868 1146 911 1191 κάν
930 1146 1015 1191 modain

0 1205 3 1274 ξ
55 1213 115 1272 ἀμοῖς
131 1213 256 1275 φεύγωσιν,
275 1214 316 1263 οὐκ
331 1222 392 1263 ὲοτιν
412 1224 436 1266 ἐν
450 1219 523 1278 τούτῳ
543 1218 625 1280 μόνφ5
647 1221 745 1281 χαίρειν,
765 1211 812 1261 ἀλλ’
832 1220 857 1262 ἐν
876 1216 905 1275 τῷ
929 1213 956 1262 δι’
976 1214 1015 1260 ευ’-

56 1285 158 1342 αρεοκίαν
172 1281 201 1331 κά
218 1284 322 1344 ὀνόματα
337 1285 403 1346 ὑμῶν
419 1293 443 1336 ἐν
459 1286 548 1350 ου’ρανφ
564 1287 592 1340 ἀς
607 1286 640 1335 ἀεὶ
654 1289 740 1347 ζώνιον
758 1283 925 1344 ἀναγραφῆναι.
956 1284 1015 1332 οὕτω

0 1348 2 1387 1³
55 1351 128 1401 uelud
143 1362 208 1402 θεῖον
224 1355 290 1416 ἀγιον
305 1359 401 1416 πνεῦμα
416 1377 500 1420 χαιρει,
515 1359 550 1405 ότι
565 1356 607 1406 edo
622 1359 728 1407 δάνακον
743 1358 859 1415 νενίκηκεν
878 1355 1042 1415 derogaremus

55 1423 78 1471 οὸ
91 1424 150 1484 γάρ6
167 1427 280 1485 δαίμονας
295 1426 431 1486 φυγαδεύειν
446 1431 478 1479 εἰς
494 1428 537 1488 νην
551 1428 621 1476 ἀλλον
636 1431 697 1475 ἴασιν
712 1429 808 1487 γίνεται.
842 1427 917 1473 rotza
938 1428 961 1473 dd
976 1429 1014 1473 ld-

0 1488 2 1522 i
53 1514 136 1554 γομεν,
152 1495 192 1559 οὐχ
207 1494 236 1551 ἀς
252 1494 390 1558 ἀρνούμενοι
406 1492 480 1559 κόμη
495 1501 539 1548 δεῖν
560 1495 637 1551 ἀλλοις
655 1504 755 1559 βοηθεῖν
761 1533 768 1553 ,
794 1492 840 1543 ἀλλ’
860 1496 896 1543 ὅτι
916 1496 950 1554 μη
973 1493 1013 1558 χρη

0 1592 1 1595 =
53 1569 89 1613 ἐπὶ
103 1567 176 1625 τούτῳ
190 1570 340 1626 κυφαθὲνκας
355 1572 441 1617 ἑαυτόν
456 1568 556 1628 ἀμελεῖν.
591 1569 639 1617 ἔσθ’
653 1568 690 1616 όκε
711 1570 752 1615 δὲ7
766 1585 831 1619 τινας
853 1563 955 1626 ἀνόμους
970 1566 1012 1615 ἀν-

54 1708 86 1763 qui
100 1710 211 1764 praepositi
226 1716 274 1754 sunt
289 1710 365 1767 dicant,
382 1710 430 1754 huto
443 1711 503 1768 veni,
518 1717 540 1755 et
554 1711 633 1768 veniat,
650 1718 671 1755 et
686 1711 755 1768 alteri,
771 1710 836 1767 vade,
853 1715 873 1752 et
887 1709 958 1753 vadat:
982 1711 1012 1754 sie

54 1784 73 1821 et
88 1780 122 1834 qui
136 1793 159 1824 se
174 1781 219 1823 Deo
235 1781 341 1823 tradiderit
361 1785 434 1836 estque
449 1782 525 1838 fidelis,
548 1781 683 1825 daemonibus
706 1794 730 1824 ao
753 1782 830 1825 morbis
851 1781 957 1824 dumtaxat
976 1781 1034 1830 lo-20

53 1861 116 1904 quens
132 1851 223 1908 auditur,
247 1857 268 1894 et
287 1852 387 1894 recedunt
407 1854 532 1909 daemones,
556 1854 591 1909 qui
613 1854 676 1896 multo
697 1853 796 1896 fortiores
820 1858 867 1896 sunt
882 1852 1011 1908 jubentibus.

51 1918 146 1964 laudabili
161 1923 271 1977 qqupevi
285 1923 341 1966 Deus
356 1928 445 1967 mentem
461 1925 588 1981 stngulorum
610 1925 678 1967 subdit
697 1925 729 1967 eui
744 1924 794 1967 vult.
833 1922 884 1964 Nam
907 1923 1009 1978 quemad-

52 1992 131 2033 modum
147 1991 266 2049 Caesarem,
288 1995 322 2048 qui
337 1994 399 2039 bomo
415 2002 456 2052 est,
478 2001 571 2039 metuunt
587 1996 650 2039 duces
666 1996 747 2050 plurimi
762 2007 809 2037 eum
825 1994 920 2037 omnibus
938 1995 1010 2039 eastris

52 2067 71 2103 et
85 2063 178 2119 urbibus,
194 2064 321 2119 singulorum
337 2066 400 2109 eorde
415 2068 525 2122 imaginem
541 2067 617 2109 domini
633 2072 755 2109 cunctorum
763 2065 860 2108 venerari
872 2072 1009 2120 properante:

51 2131 87 2174 Dei
101 2135 202 2190 siquidem
218 2138 323 2180 voluntate
339 2139 406 2181 omnia
421 2141 493 2181 umore
507 2140 528 2180 in
550 2140 669 2181 servitutem
690 2138 775 2181 redacta
797 2149 880 2180 eausam
904 2139 1034 2185 destinabat

51 2202 77 2245 ita
94 2210 113 2247 et
128 2220 175 2249 eum
191 2209 226 2262 qui
243 2209 268 2250 ad
283 2209 349 2251 Deum
365 2210 465 2266 confugit,
482 2215 502 2252 et
516 2210 577 2252 fidem
589 2210 677 2266 justam,
698 2209 755 2252 velut
770 2208 822 2250 illius
846 2208 966 2265 imaginem,
987 2212 1007 2252 in

52 2275 113 2317 eorde
128 2284 208 2335 portat,
225 2281 293 2322 cuncti
308 2281 428 2324 morborum
443 2286 539 2324 auctores
556 2281 638 2334 spiritus
651 2281 755 2323 honorant
771 2285 791 2322 et
806 2279 888 2334 fugiunt
894 2312 900 2335 ,
920 2282 1008 2324 naturali

52 2347 136 2399 quadam
152 2351 233 2394 tattone
247 2354 358 2406 perterriti.

105 2419 165 2463 XXII.
195 2421 290 2465 Attamen
305 2425 352 2467 lieet
368 2425 435 2467 euirati
451 2423 563 2466 daemones
579 2434 625 2463 eum
646 2423 741 2465 omnibus
761 2422 840 2464 morbis
863 2434 902 2465 vos
923 2423 1006 2480 fugiant,

49 2486 69 2528 iu
84 2501 108 2532 eo
123 2492 169 2534 solo
185 2505 227 2535 non
244 2500 275 2537 est
289 2496 433 2551 gaudendum,
453 2494 490 2538 sed
504 2495 525 2536 in
539 2505 564 2536 eo
582 2492 637 2547 quod
654 2499 740 2548 propter
755 2493 907 2547 beneplacitum
924 2495 1032 2542 nominaeo

49 2564 116 2602 vestra
131 2564 152 2605 in
167 2564 236 2620 eaelo,
252 2562 354 2621 tamquam
369 2578 452 2621 semper
466 2565 589 2620 vivendum,
606 2563 707 2619 desumpta
724 2569 777 2607 sunt.
807 2563 840 2607 Sic
853 2565 913 2606 etiarn
923 2571 1006 2608 sanetus

47 2626 84 2671 Dei
99 2633 181 2687 spiritus
195 2636 281 2692 gaudet,
297 2639 353 2693 quod
368 2638 430 2682 homo
446 2642 534 2680 mortem
549 2636 631 2688 vicerit3
647 2648 693 2678 nam
710 2636 765 2691 quod
781 2635 894 2680 daemones
902 2636 1005 2693 fugantur,

46 2698 66 2740 in
81 2702 163 2749 alterius
178 2707 287 2749 sanitatem
302 2708 329 2751 tu.
365 2710 421 2753 Haee
436 2722 487 2752 vero
507 2708 601 2762 dicimus,
624 2718 667 2748 non
689 2708 747 2762 quasi
768 2720 869 2763 negemus
890 2708 933 2752 aliis
958 2720 1004 2751 esse

47 2778 218 2834 succurrendum,
241 2778 278 2823 sed
294 2780 399 2834 quianon
415 2785 507 2836 oportet,
528 2785 551 2822 ut
567 2791 611 2822 earn
627 2778 653 2819 ob
671 2791 716 2820 rem
737 2778 784 2820 elati
808 2779 937 2834 negIIgamus
959 2791 1003 2822 nos.

47 2841 149 2904 Contingit
164 2854 232 2892 autem
248 2850 367 2907 aliquande,
382 2858 404 2896 ut
421 2852 534 2895 daemones
549 2851 605 2893 vlros
621 2849 721 2903 quosdam
737 2850 810 2905 impios
822 2850 902 2906 fugiant
917 2857 1029 2907 propterea

75 2965 93 3002 1·
123 2964 218 3021 ἔρχεσθαι
234 2967 332 3007 0.lllattlr.
349 2970 369 3019 8,
386 2974 404 3009 9.
566 2970 583 3006 5.
613 2960 676 3018 μόνον
691 2967 714 3007 O.

75 3026 94 3061 2·
124 3022 248 3079 πορεύεσθαι
264 3026 286 3064 Ο.
566 3031 584 3064 6.
613 3026 717 3064 Italorum
734 3030 837 3075 corruptum
850 3030 903 3073 atque
919 3037 1003 3067 maneum

74 3084 93 3120 3.
122 3086 166 3124 Post
185 3082 272 3140 καρδίας
290 3085 303 3123 C
322 3084 440 3126 inserendum
460 3091 511 3136 putat
535 3083 597 3124 sanari
613 3097 630 3124 ο.
646 3085 668 3124 0.
697 3086 763 3135 Aps}
785 3090 813 3123 est
832 3079 883 3121 οόκα
905 3081 928 3124 κδ
944 3089 1002 3128 θεῖαι

44 3138 79 3177 κοῦ
99 3144 129 3182 vel
146 3142 204 3184 osui.
234 3145 270 3183 Cfr.
287 3157 303 3182 e.
319 3157 338 3193 g.
360 3145 413 3185 Hom.
428 3147 459 3185 XI.
476 3149 509 3185 24.
534 3141 596 3196 ἀγιον.
626 3144 653 3183 lta
670 3147 750 3194 eonjeet.
764 3141 813 3183 teob
833 3137 889 3194 ἅγιον
905 3146 935 3183 vel
951 3147 1001 3187 θεοῦ

44 3196 130 3240 Fortasse
138 3201 177 3242 τῶν
185 3197 239 3243 ὅλων
246 3204 349 3243 mutandum
359 3204 377 3242 in
384 3201 510 3245 volomus
535 3199 623 3253 ὀνόματα
638 3216 676 3242 non
692 3215 739 3253 opus
754 3207 788 3240 est.

73 3261 92 3297 4.
121 3262 147 3301 Ita
163 3259 206 3301 οο.
216 3274 274 3312 marg.
283 3262 308 3314 oi,
323 3263 341 3302 in
351 3264 458 3312 eujustemu
469 3259 508 3304 καὶ.
564 3265 582 3301 7.
612 3259 635 3302 δέ
644 3260 807 3311 subnotaturinO,
823 3261 846 3299 ad
855 3262 889 3310 cuj,
901 3261 1000 3304 oramdrd.

745 3334 796 3379 tlt
