2276 3612
546 229 588 274 395
899 226 945 277 ru,
963 225 996 263 οι.
1011 227 1046 263 25.

81 345 171 398 ἐλθεῖν,
193 339 222 393 ὥς
236 342 347 406 ὑπέσχον,
367 342 423 389 ω’λλοῖ
447 341 505 400 πρὸς
519 344 549 402 τῷ
564 344 639 389 δοκεῖν
656 339 689 400 νων
709 341 848 388 σίσιοὶσθσι1
868 336 929 393 ἐξιών
949 341 1047 383 ἐπανελ-

81 418 133 457 θεῖν
149 409 276 495 ιλπέσχννσσι
284 415 301 456 2.

138 482 198 526 XXV.
227 480 296 530 ‘Ode
313 484 389 540 Σίνιων
407 485 483 529 eoduu
501 477 600 531 οἶκοιλσοις
616 476 663 526 o‘ud
679 481 745 538 <iopila
767 478 820 530 uode
842 479 938 530 &edoceo
953 475 1047 537 (inriguo,

81 553 169 599 σιωπῶν
189 552 312 611 ἐπορεωθιν
349 549 360 597 d
384 554 406 598 db
429 553 540 609 Πέτρος
532 557 565 597 ear
585 550 643 618 ὥροις
663 567 704 595 ova
725 547 802 608 ὀλίνιινς
782 550 892 609 νοῧοονς
911 546 953 596 οόν
972 542 1047 592 πολύν

81 621 147 706 ὄνλον
160 621 322 694 νοιροθπννοοις
337 621 392 680 πρὸς
408 627 469 669 ὶοοιν
485 623 521 667 κοιλ
539 615 664 674 ω’πολῦσοιο,
679 641 707 678 νι
699 617 737 664 eud
752 622 797 666 edu
813 622 985 679 σννννθεσσέρων
1000 620 1063 663 etc-a

80 693 120 737 ιων
135 696 191 738 οἶκοι
208 697 332 750 ἐκσιθέσθκν.
369 696 406 739 uui
422 693 449 750 dr]
470 712 503 745 τις
525 695 569 740 οων
585 691 723 739 οὲκσλούθων
740 689 906 749 E'otpcraicic5
894 709 970 745 σνονιοι
991 693 1046 746 ὲφνν·

81 759 214 823 εὐλόνηοσιι,
236 765 321 820 Πέτρε,
345 761 437 817 duale,
457 761 469 808 d
486 758 632 819 ἐκλεξάμενος
648 779 671 806 σε
688 762 724 806 κοιλ
741 762 822 815 σοφίας
838 759 985 809 decoctiones
1001 760 1047 816 νιὲν

80 837 214 878 doreceastria
230 835 391 892 εὐννωνιόνων·
417 831 508 892 οἷλννθως
522 829 566 890 yolo
582 831 685 891 νιενοῖλως
700 832 736 877 κοιλ
754 828 887 885 diratiocinare
903 828 1047 891 ιλιοιλέννθννς4

67 897 136 959 ’πρὸς
154 904 255 960 Σίν.ιωνοι
286 904 432 963 entmundi
449 907 499 962 περὶ
516 899 1045 992 πονννρωνὃιολιννθιννοιίσεοιξισσνιενἐλπί-

80 970 314 1031 dvateeyenccdespo'e
331 993 354 1020 oe
370 972 426 1032 ἦνιῖν
441 971 482 1019 σόν
499 976 550 1032 περὶ
568 969 641 1019 adeon
656 971 753 1030 duodece
770 972 845 1031 λόγον,
862 973 897 1016 κοιλ
914 988 989 1016 κοιστσ
1005 964 1072 1016 odeo

81 1037 235 1100 avellendum,
252 1040 299 1090 ‹ilt
316 1045 406 1102 οὔριον,
422 1048 444 1090 εἰ
458 1063 493 1091 σοι
510 1047 602 1102 φι’λον’
593 1044 664 1089 εσκιν·
690 1058 875 1101 σσνγινωσκσνιεν
889 1039 933 1120 γάρ
958 1057 992 1085 σοι
1008 1025 1045 1084 ιλιω

79 1112 463 1171 τουςέκκινςζινκννσεωςκοινιοικοσς
489 1110 652 1172 κοιλοΠένρσς·
669 1111 827 1170 σιιλενωιοιοις
838 1110 928 1164 aeto
922 1128 977 1155 οπο
986 1128 1045 1166 pecu

80 1178 164 1240 ἦδονινς
184 1186 256 1230 ποιων
274 1203 296 1230 τι
312 1182 353 1231 ὁπ’
369 1181 444 1232 σύκων
464 1186 509 1231 σῶν
528 1182 637 1241 neptune
658 1181 819 1237 οἷνοιποιωενοιι,
841 1178 876 1239 μιν
897 1182 970 1227 ποιων
992 1181 1014 1226 dd
1031 1174 1046 1225 dd

79 1254 189 1312 podiatae
209 1251 248 1299 ὑπ’
265 1253 338 1313 αὐτῆς
354 1259 393 1314 τῆς
414 1253 563 1305 οἷνοιποιύσιως
582 1252 666 1311 calpen
681 1252 714 1310 [aod
736 1256 840 1313 νιὲνισνσ.
875 1252 931 1298 ὥστε
956 1269 997 1308 νισι
1016 1249 1044 1297 eol

80 1321 168 1383 prepollet
185 1329 223 1384 σονς
239 1324 389 1376 decantatae
406 1328 527 1388 χαρίζεσθε
549 1322 576 1370 πολ
598 1326 721 1383 epotatio
744 1325 890 1382 θιοιλένεσθοιι
914 1323 1070 1372 ποιούντες.1σ

80 1392 141 1450 πλὴν
156 1397 193 1440 ἐπὶ
210 1396 237 1455 σῇ
254 1399 382 1454 προαιρέσει
399 1396 472 1443 οὗτοι]
488 1398 660 1482 ἐξορκεσθέννες
676 1397 713 1441 κοιλ
729 1405 777 1446 σοῖς
799 1393 912 1452 κωνιολσσις
934 1393 1045 1450 coppede-

81 1481 116 1543 τῆς
132 1483 163 1513 εις
178 1464 219 1523 τὴν
234 1462 327 1511 edure⁵
328 1486 379 1520 ,ως
394 1468 455 1514 oded
471 1463 556 1518 ἔθοςἵ
541 1485 571 1525 ννν
587 1466 643 1524 πρὸς
658 1484 713 1517 σονς
728 1484 794 1524 ν’νινσι
796 1463 908 1523 [despotia]
929 1466 1045 1522 λέγεσθαί,

62 1550 121 1590 ,uqa
137 1532 265 1591 ὑπέρθεσιν
280 1538 390 1593 νισνέσθοιι
404 1535 497 1595 ινξιολσοιν
499 1556 538 1583 κεν
569 1539 605 1583 nel
622 1532 648 1594 dd
665 1534 726 1583 dice
740 1535 912 1598 νιεκοιλσβόνκις
927 1533 1046 1608 εἰςῦπνον

79 1600 236 1662 [ἐκρσ]πιννιεν.

80 1757 164 1799 quoque
181 1758 222 1787 non
244 1747 317 1803 credo,
338 1754 359 1790 te
375 1749 457 1791 venisse
479 1749 504 1790 ad
527 1748 695 1802 disputationem,
718 1747 891 1801 quemadmodum
910 1748 1042 1802 promiseras,

56 1828 58 1832 ’
79 1817 127 1871 sed,
144 1830 170 1859 ne
184 1820 291 1874 arguaris,
306 1812 419 1862 rediturum
435 1827 456 1862 te
473 1821 549 1876 exiens
560 1819 694 1874 promisisti..
1051 1815 1072 1847 ²⁰

137 1888 197 1932 XXV.
229 1890 259 1931 Ac
274 1890 352 1947 Simon,
373 1904 417 1933 oum
438 1892 491 1933 haec
511 1891 611 1945 audisset,
632 1902 683 1944 prae
706 1891 736 1931 ira
756 1889 851 1931 dentibus
873 1889 961 1932 stridens
983 1890 1045 1931 tacite

79 1959 133 2006 abiit.
164 1960 235 2001 Petrus
253 1967 321 2003 autem
336 1975 382 2004 cum
404 1976 445 2005 non
461 1975 549 2017 paucum
569 1962 668 2016 temporis
687 1962 728 2004 diei
750 1966 881 2016 superesset,
906 1960 998 2015 aegrotis
1020 1959 1045 2000 ad

79 2028 192 2071 sanandum
209 2033 302 2074 manibus
319 2034 428 2088 impositis,
445 2033 592 2075 multitudinem
608 2033 693 2088 dimisit,
710 2045 799 2087 cumque
814 2030 946 2073 familiaribus
963 2030 1045 2073 domum

79 2101 187 2154 ingressus
202 2088 302 2145 consedit.
334 2104 384 2145 Tum
397 2105 491 2145 comitum
509 2115 567 2158 unus,
583 2104 616 2151 cui
627 2102 746 2156 Sophoniae
762 2115 848 2144 nomen:
864 2102 994 2157 Benedictus,
1010 2103 1045 2142 in-

80 2171 131 2225 quit,
147 2172 172 2213 sit
185 2172 251 2228 Deus,
272 2175 354 2230 quite,
370 2171 442 2230 Petre,
464 2174 534 2229 elegit,
557 2178 579 2215 ut
593 2174 653 2228 probi
669 2174 782 2226 sapientiae
802 2174 937 2229 acquiescere
953 2175 1072 2227 possent25

78 2240 129 2281 Nam
146 2253 196 2283 vere
212 2244 320 2298 magnifice
337 2251 417 2287 etcum
434 2246 529 2299 patientia
545 2250 617 2297 contra
634 2243 738 2286 Simonem
760 2245 871 2298 disputasti.
909 2244 968 2285 Nunc
992 2257 1003 2285 a
1024 2249 1044 2285 te

78 2311 172 2368 petimus,
187 2317 208 2354 nt
223 2318 243 2354 et
258 2315 318 2356 nobis
335 2316 360 2357 de
375 2316 433 2367 ¹malis
449 2315 580 2370 colloquaris,
596 2321 704 2369 sperantes
720 2316 864 2369 genuiniorem
874 2320 894 2356 te
906 2314 1044 2358 nobisfaetu-

79 2394 124 2424 rum
140 2394 268 2439 sermonem,
292 2397 334 2426 non
361 2391 428 2427 autem
441 2387 483 2441 J'am
504 2386 542 2427 hac
563 2385 626 2440 hora,
644 2385 755 2441 sederas,
778 2388 795 2428 si
814 2387 850 2428 tibi
869 2387 947 2441 placet:
969 2387 1044 2427 etenim

78 2454 204 2506 parcendum
220 2454 256 2495 tibi
271 2461 302 2496 est
318 2457 344 2498 ob
362 2457 445 2499 labores
451 2460 526 2513 ,quos
542 2457 563 2497 iu
578 2456 721 2511 disquisitione
737 2458 844 2510 pertulisti.
876 2457 988 2512 Respondit
1003 2459 1043 2499 Pe-

78 2528 132 2565 trus:
148 2523 206 2565 Scire
222 2536 260 2567 vos
276 2526 334 2582 volo,
350 2528 403 2568 inter
418 2529 475 2583 ipsos
490 2528 573 2570 labores
588 2539 634 2569 eum
650 2528 797 2583 acquiescere,
822 2515 968 2582 qui'lubenter
983 2529 1071 2571 labo-ao

79 2600 120 2650 rat,
137 2606 193 2650 cum,
210 2596 243 2649 qui
260 2597 334 2640 invitus
351 2605 459 2653 operetur,
481 2600 501 2639 in
522 2600 566 2652 ipsa
592 2599 661 2653 quiete
685 2598 718 2639 vel
741 2600 829 2640 maxime
849 2599 954 2651 laboret..
973 2599 1044 2654 ltaque

81 2666 187 2706 maximam
205 2666 251 2707 milri
265 2670 417 2710 recreationem
433 2670 547 2725 praebetis,
563 2671 580 2712 si
596 2683 628 2711 me
645 2670 670 2711 de
686 2670 709 2711 iis
725 2670 816 2724 colloqui
831 2670 906 2726 facitis,
928 2682 981 2724 quae
997 2670 1043 2710 milri

79 2736 99 2776 in
116 2735 192 2777 deliciis
208 2742 261 2778 sunt.
292 2737 320 2778 lta
337 2740 363 2781 de
378 2741 464 2783 consilio
481 2743 525 2796 epus
541 2742 640 2784 satisfacti
660 2747 680 2784 et
694 2741 807 2783 lassitudini
830 2742 961 2795 indulgentes
976 2752 1042 2794 rogo-

80 2807 146 2849 vimus
163 2813 185 2848 ut
199 2808 218 2848 in
234 2813 318 2850 noctem
331 2810 428 2867 differret,
445 2812 615 2865 quemadmodum
632 2823 675 2853 mos
692 2812 710 2852 ei
728 2817 772 2853 erat
789 2824 834 2853 cum
850 2812 980 2853 familiaribus
997 2811 1043 2852 col-

80 2878 184 2932 loquendi.
215 2879 245 2920 Ac
260 2884 333 2933 postea
350 2882 396 2923 cibo
413 2887 494 2936 sumpto
511 2881 536 2924 ad
552 2894 644 2924 somnum
661 2886 758 2924 conversi
775 2895 851 2924 sumus.
943 2921 945 2924 .
1051 2888 1071 2918 νῦ

111 3050 128 3085 1.
159 3045 261 3088 αἰτεῖσθαι
276 3046 297 3087 0.
602 3057 621 3092 4.
651 3053 704 3091 Nolui
720 3054 802 3091 scribere
818 3049 926 3106 διελέχθησ-

111 3110 131 3144 2.
162 3103 270 3160 ὑπέσχηται
286 3107 307 3145 0.
604 3115 622 3151 5.
653 3108 727 3152 νύκνων
744 3112 764 3152 0.

113 3167 132 3203 3.
162 3163 260 3217 σοφονίσις
285 3165 310 3214 O,
331 3171 350 3205 ut
366 3166 418 3208 etiam
439 3169 484 3208 inira
504 3182 549 3208 con-

81 3228 156 3264 stanter.
