2276 3612
537 233 576 279 121
926 233 956 283 IV,
972 233 1036 273 3-5.

73 346 192 406 ἐξεταστάς
206 352 392 413 τάνελοχιλὲντων
408 346 469 405 corp
484 351 613 408 ἐσομένους·
635 358 673 399 ἵνα
693 355 713 399 οἰ
729 351 800 401 οὕτως
817 351 885 411 ἔχοι,
897 348 1037 407 γραψάντων

74 417 138 477 ἡμῶν
154 415 339 480 coctio-‘picium
355 422 391 466 ταὶ
406 415 509 465 enatavit
524 421 622 480 ἐξελέγξῃ
638 418 709 468 οάτὸν
724 427 810 469 ἐκεῖνον
826 417 936 476 ἄντικρυς
956 417 990 475 ἐφ’
1006 413 1037 465 ὧν

74 483 145 535 αάτὸν
161 489 286 549 διέβαλλεν.
316 493 362 537 ἐπεὶ
378 485 420 535 οὖν
434 486 495 547 άπὲρ
510 493 599 537 πολλάν
614 495 690 553 ψυχάν
710 490 722 540 ὁ
741 493 846 542 κίνδυνος
867 484 926 548 ἡμῖν
945 488 1037 548 πράτοι-

73 576 122 611 ται,
137 557 221 608 τοάτοο
235 569 324 614 ἔνατον,
339 560 379 617 τῆς
395 560 437 605 τοι]
453 557 557 616 σώματος
572 557 637 619 ἡμῶν
652 557 803 614 άναπαάοοως
818 557 876 620 πρὸς
891 558 968 621 βραχά
979 557 1037 618 cipe-

72 626 193 686 λάοαντος,
209 629 270 690 παρά
283 648 327 678 ooo
342 632 383 689 τῆς
396 632 505 677 1ε’νταῦθα
520 631 669 689 διαιταμένης
681 633 814 695 βουλόμεθα
821 629 929 686 <docetote
942 636 1052 689 probarat

72 701 92 743 εἰ
108 697 166 757 άπερ
181 698 314 758 η’τοάσαριιν
330 694 408 757 άληθή
423 699 539 761 τυγχάνει·
557 702 595 747 ναὶ
611 702 683 759 λέγοις
698 698 727 747 άν
742 700 785 761 ἤδη
800 703 854 762 ἡμῖν
869 711 962 750 ἕκαστα.

128 770 160 815 IV.
190 768 227 817 ‘H
237 771 337 830 Βερνίκη
352 771 375 817 δὲ
391 772 536 826 aaronem&
552 773 628 819 ταντα
644 775 689 829 μὲν
705 771 786 827 οὕτως,
801 778 852 830 ἔφη,
866 777 911 835 ἔχει
926 770 1037 830 moritoi-

73 843 136 894 οατε,
152 842 181 887 τά
196 843 219 888 δὲ
234 839 290 887 άλλο
306 836 398 888 τάπαά
409 840 485 889 ἀὐτὸν
500 839 541 888 τάν
556 843 664 900 Σίμωνα,
685 840 744 900 άπερ
760 839 939 901 ἴοαςάννοοῑνο,
956 839 1035 892 'duoc-

73 926 136 957 οατε·
160 910 315 969 φαντάοριατά
334 929 358 956 τε
372 910 414 971 γάρ
432 915 470 960 ταὶ
490 909 622 969 ἰνδάλματα
643 917 676 957 ἐν,
689 914 749 973 ,πέσῃ
768 913 796 971 τῇ
814 911 886 972 άγορά
908 916 1035 975 φαίνεσθαι

72 982 143 1027 ποιάν
158 981 185 1026 δι’
200 979 379 1039 ἡμέραςπάοαν
395 983 513 1043 ἐκπλήττει
528 979 572 1041 τάν
587 983 684 1038 πάλινό,
707 984 744 1030 ταὶ
766 980 887 1041 προϊόντος
903 982 975 1031 aocet
992 982 1060 1031 cic-10

72 1047 174 1107 δριάντος
189 1055 319 1106 cccccccccc,
339 1054 375 1099 coi
397 1056 456 1100 ονιαὶ
469 1055 557 1100 πολλαὶ
574 1054 744 1113 προργοάνται,
765 1049 838 1109 άοπερ
854 1047 939 1102 cortic*
960 1053 1034 1114 ψυχάς

72 1122 116 1168 τάν
132 1118 274 1180 τεθνηκότων
290 1124 348 1170 εἶναι
364 1125 429 1184 λέγει.
459 1120 559 1177 πολλοάς
574 1124 678 1184 δὲνόητα
691 1121 870 1187 αάτάνζέλέρχειν
882 1124 1035 1180 πειρωμένους

72 1192 190 1246 διαλλάξας
205 1192 260 1252 πρὸς
271 1191 361 1248 ἑαυτόν,
377 1189 453 1240 ἔπειθ’
463 1191 577 1253 ὕστερον5
593 1194 706 1253 προφάσει
723 1192 826 1256 scopiac,
838 1195 898 1251 βοάν
914 1189 1034 1245 &concoct

71 1259 176 1312 ἑστιάσας
192 1259 287 1319 αάτοάς,
307 1262 423 1323 διαφόροις
438 1265 515 1315 νόσοις
530 1266 665 1323 περιέβαλον
682 1267 718 1311 παὶ
734 1265 842 1321 δαίμοσιν
851 1261 981 1322 ὑπέβαλεν·
998 1266 1034 1311 ναὶ

72 1338 110 1378 ἴνα
125 1329 159 1391 ,αὴ
174 1332 247 1379 πολλά
263 1335 332 1394 λέγω,
351 1334 450 1388 πολλοὺς
465 1333 566 1386 αατάοας
586 1332 641 1386 θεὸς
662 1336 721 1381 εἶναι
737 1331 894 1392 άποληφθιίς,
915 1332 972 1394 πρὸς
986 1334 1058 1395 cpi⁶15

73 1403 173 1462 φοβεράν
188 1405 247 1451 εἶναι
262 1398 299 1451 ναὶ
310 1407 486 1465 προτετίμηται.
500 1407 502 1411 ’
532 1421 533 1424 ’
548 1435 550 1438 v

128 1474 151 1518 V.
177 1472 256 1521 Ὅθεν
271 1471 311 1522 οάτ
328 1478 407 1533 οἴομαι
423 1477 566 1535 δυνήσεσθαί
580 1494 633 1523 τινα
649 1476 761 1522 τοσοῦτον
782 1472 889 1530 άναφθλν
910 1474 957 1529 πάρ
981 1473 1035 1531 opis*-

73 1563 117 1592 σαι.
148 1540 200 1591 ον’δὲ
214 1542 259 1605 γάρ
269 1544 380 1601 ἐνδοιάζοι
395 1563 429 1597 τις
445 1550 495 1606 περὶ
510 1541 541 1594 cic
557 1552 639 1598 ἐκεῖνος
651 1546 821 1604 ἐπαγγέλλεται,
837 1540 894 1590 ditat
907 1544 976 1590 τοάτο
993 1541 1034 1589 οὕ-

71 1700 116 1730 rum
131 1688 183 1730 illius
199 1689 352 1743 exploratores:
367 1694 390 1731 ut
404 1690 422 1732 si
435 1689 463 1731 ita
479 1689 562 1746 habeat,
578 1690 622 1745 ipse
637 1688 775 1734 scribentibus
790 1686 850 1730 nobis
867 1686 991 1744 edoceatur,
1013 1693 1034 1731 et

71 1758 183 1801 adveniens
200 1759 273 1813 arguat
288 1759 485 1804 eundemcominus
500 1761 526 1803 de
541 1762 646 1805 calumniis
665 1773 716 1816 erga
733 1772 763 1803 se.
798 1758 885 1808 Quando
908 1760 972 1815 igitur
994 1771 1059 1814 proco

71 1829 180 1871 multorum
195 1829 428 1883 animabuspericulum
443 1831 503 1874 nobis
517 1832 602 1888 adJacet,
616 1832 670 1887 ideo,
686 1831 781 1885 corporis
796 1829 862 1872 nostri
877 1830 994 1872 reiectione
1007 1831 1033 1873 ad

70 1900 134 1942 breve
144 1906 229 1955 'tempus
245 1902 348 1957 neglecta,
364 1913 376 1943 a
390 1907 411 1943 te
427 1914 481 1956 quae
496 1902 528 1944 hic
542 1903 601 1958 degis
618 1903 675 1945 certo
690 1903 744 1945 scire
759 1900 866 1956 volumus,
887 1913 912 1942 an
928 1914 979 1943 vera
993 1902 1033 1945 sint

71 1983 124 2026 quae
140 1971 265 2015 audivimus:
277 1974 362 2027 jamque
378 1972 438 2014 nobis
454 1973 535 2027 singula
551 1974 650 2017 edissere.

128 2040 160 2083 IV.
188 2041 289 2084 Berenice
304 2054 356 2083 vero
372 2048 456 2099 rogata,
472 2043 525 2085 baec
540 2044 628 2100 quidem,
643 2044 714 2100 inquit,
733 2055 758 2086 eo
774 2042 836 2085 modo
853 2054 876 2085 se
891 2041 973 2099 babent,
990 2055 1031 2097 quo

71 2112 269 2155 audivististcetera
284 2124 336 2155 vero
353 2114 445 2169 ejusdem
461 2114 559 2171 Simonis,
580 2128 634 2170 quae
649 2115 704 2157 forte
724 2114 838 2170 ignoratis,
862 2113 942 2156 audite:
963 2115 1057 2169 phau-at

70 2188 155 2235 tasmata
171 2184 225 2226 euim
241 2190 261 2227 et
276 2189 358 2239 spectra
374 2197 397 2226 ae
413 2185 521 2227 simulacra
536 2186 557 2227 in
572 2185 639 2227 medio
655 2185 702 2228 foro
727 2184 818 2240 quotidie
842 2184 954 2227 ostendens
970 2190 1033 2228 totam

71 2255 208 2310 obstupefacit
222 2256 335 2297 civitatem:
351 2261 372 2297 et
385 2255 513 2309 procedente
530 2268 555 2298 eo
572 2262 652 2299 statuae
666 2261 786 2310 moventur,
809 2267 833 2297 ac
848 2255 924 2297 multae
946 2256 1033 2299 umbrae

70 2332 183 2383 praeeunt,
200 2338 251 2381 quas
266 2327 320 2380 ipsas
336 2325 384 2368 dicit
399 2338 446 2369 esse
462 2327 539 2370 animas
555 2327 705 2369 detunctorum.
743 2325 817 2368 Multos
838 2331 917 2383 autem,
934 2328 969 2382 qui
985 2340 1032 2369 eum

70 2398 250 2453 praestigiatorem
258 2397 375 2440 nitebantur
384 2397 505 2455 ostendere,
521 2411 567 2440 cum
578 2399 616 2442 sibi
626 2397 762 2451 conciliasset,
778 2401 820 2437 tum
830 2402 910 2454 postea,
922 2404 1032 2452 praetextu

72 2469 170 2524 convivii,
187 2473 274 2510 mactato
290 2468 345 2510 bove
361 2469 452 2524 ipsisque
466 2470 487 2510 in
504 2482 571 2512 escam
590 2469 649 2524 dato,
671 2467 732 2509 variis
752 2466 851 2520 implicuit
871 2469 958 2524 morbis,
979 2469 1057 2518 dae-30

71 2541 207 2595 monibusque
223 2539 320 2594 subjecit:
334 2551 358 2580 ac
374 2552 401 2582 ne
415 2541 474 2595 plura
487 2542 610 2597 proloquar,
631 2539 706 2581 muitos
722 2537 833 2593 affligendo
850 2538 901 2581 deus
918 2552 965 2583 esse
982 2553 1030 2582 cre-

71 2611 134 2667 ditur,
151 2617 180 2668 et,
196 2616 341 2665 praeterquam
358 2612 413 2666 quod
428 2611 561 2656 formidabilis
577 2618 618 2668 est,
635 2612 695 2653 etiam
709 2609 792 2651 honore
808 2608 900 2651 afficitur.

128 2682 151 2724 V.
181 2682 283 2731 Quocirca
297 2693 340 2723 non
350 2687 401 2736 puto
413 2695 425 2724 a
441 2687 546 2738 quoquam
554 2685 623 2739 ignem
634 2688 711 2726 tantum
722 2691 832 2723 accensum
843 2691 906 2734 posse
921 2682 1030 2736 exstingui.

70 2752 135 2795 Nemo
152 2753 204 2795 enim
220 2753 240 2793 in
256 2751 338 2793 dubium
353 2759 415 2795 vocat
436 2767 489 2808 quae
509 2756 542 2798 ille
557 2757 675 2812 pollicetur,
695 2752 731 2796 scd
751 2751 827 2806 singuli
847 2751 967 2794 confirmant
985 2766 1029 2794 rem

102 2878 120 2913 1.
149 2869 206 2927 μάθῃ
222 2873 242 2911 0·
272 2874 314 2910 rum
331 2870 409 2913 ἐκείνων
425 2875 446 2913 0.
592 2882 611 2917 ι.
642 2875 704 2927 αὐτὸς
719 2885 731 2923 s
748 2897 771 2923 ex
786 2885 1029 2935 catacumbarum.

101 2938 121 2973 2.
150 2930 270 2981 άξιωθοῑΟ.
305 2931 354 2970 Idem
371 2945 407 2975 om.
423 2935 501 2984 conjeot.
518 2936 537 2974 Gi
563 2950 579 2977 c.
594 2939 632 2987 45,
648 2935 712 2987 αὐτάς
729 2943 742 2981 G
759 2945 780 2983 Ο.
809 2946 865 2982 Deest
878 2955 913 2982 vox
924 2946 1030 2993 apudAna-

72 2990 121 3046 ipa,
137 2992 156 3030 5¹¹
172 2994 206 3041 ⁰¹¹i·
221 2997 272 3030 iem
287 2986 343 3042 iiim·
562 2997 646 3048 stasium,
663 3000 766 3042 Cedrenum
781 3008 799 3041 et
813 3004 940 3051 Nicephorum.

101 3054 121 3090 3.
150 3052 255 3101 Excerpunt
274 3052 320 3089 baec
335 3050 443 3089 Anastasius
462 3052 536 3101 Sinaita,
591 3059 609 3094 5.
640 3054 712 3102 ἑαυτὸν
728 3058 876 3114 εὖθάστορονθ

72 3111 165 3149 Cedrenus
187 3116 205 3149 et
224 3111 346 3160 Nicephorius
380 3110 461 3155 Quorum
481 3114 535 3150 locos
591 3119 609 3154 6.
639 3118 666 3157 Ita
682 3120 697 3158 0
714 3133 730 3160 ο.
745 3124 770 3171 D,
786 3116 807 3160 τὸ
823 3120 842 3158 G.

72 3169 156 3219 apposuit
172 3175 190 3207 et
201 3168 339 3219 dIscrcpantiam
354 3169 443 3208 orationis
455 3171 536 3210 enotavit

73 3230 210 3269 Schliemannus
226 3230 281 3268 Olera.
293 3240 315 3279 ¹p.
332 3230 379 3266 341,
395 3229 414 3267 S.
