2276 3612
540 236 581 281 241
859 248 862 252 *
961 229 990 284 ru
1009 231 1041 272 15.

82 351 214 406 καλοΰοινῙ·
244 349 316 400 άλλΜ
306 371 347 410 ερει
362 363 404 401 τις
422 351 473 400 ἴσως
489 367 599 401 τοιοστοις
612 349 712 397 πάθεσιν
724 367 761 394 ναι
755 347 890 406 θεοσεβων
906 349 966 397 τινὲς
982 345 1043 394 550-

82 429 212 474 πίπτουσιν
242 441 291 482 555
285 422 352 472 555
372 421 441 467 τοῦτο
462 415 586 467 55555505.
620 417 732 479 θεοσεβής
750 417 793 478 γάρ
818 412 887 468 οὑτός
908 421 980 470 ἐστιν,
997 414 1043 462 55²

81 496 121 556 555
137 513 177 552 <555
168 512 207 552 55,
222 491 233 539 5
249 490 319 543 ὅντως
333 487 455 548 θεοσεβὴς,
477 488 519 550 οὐχ
540 488 563 541 ὃς
579 487 608 536 55
624 489 697 547 μόνον
714 486 852 547 λέγηται,
840 509 850 534 ο
874 484 933 533 55'
921 504 990 537 οντως
1012 485 1043 531 55

81 585 121 647 τον
114 564 246 614 δοθέντος
262 560 323 618 5555
339 559 413 642 νόμον
428 562 511 605 ἐκτελεῑ
525 558 565 612 τάς
582 559 679 618 πράξεις
710 557 750 605 ἐάν
767 579 800 611 τις
817 555 932 619 άοεβάσῃ,
948 556 1043 617 εὐσεβὴς

81 633 120 685 οόκ
135 639 205 681 ἐστιν
241 634 310 690 όνπερ
325 630 411 690 τρόπον
434 627 473 678 ἐάν
494 630 505 676 5
527 628 652 690 ἀλλόφυλος
674 628 714 677 τόν
733 627 805 688 νόμον
830 627 915 689 πράξῃ,
931 625 1057 681 Ιονιλοῑόςῡ

82 712 153 757 ἐστιν,
168 700 201 762 55
217 704 302 762 πράξας
323 701 346 746 55
357 699 458 759 Ἕλλην’
484 699 495 746 5
514 702 557 759 γάρ
574 699 682 750 Ἰουδαῖος
699 696 828 746 πιστεύων5
851 701 899 757 Θεῷ
920 708 982 744 ποιεῖ
1001 696 1042 744 τόν

82 775 166 834 νόμον,
182 771 208 820 5’
224 767 250 831 ἧς
266 774 360 822 πίστεως
376 773 411 817 καὶ
426 768 454 817 τά
471 769 527 817 άλλα
542 769 570 817 55
587 770 681 831 ὄρεσιν’*
701 769 789 816 ἐοικότα
810 771 846 815 καὶ
862 771 982 827 βαρούντα
999 787 1042 825 με·

81 849 172 904 θίοτησι
189 842 264 901 5555.
295 839 307 888 5
323 842 346 888 55
361 839 394 900 55
410 841 481 887 ποιων
496 840 536 889 τόν
551 840 626 899 νόμον
639 839 762 899 '‘5505555
776 844 799 885 ἐκ
815 841 857 886 555
872 836 906 896 55
921 838 1041 887 πιστεύειν

82 918 129 973 Θεῷ
144 918 285 967 λιποτακτεῐ,
300 914 335 958 καὶ
351 910 421 962 οὕτως
436 912 464 962 ιός
479 908 546 972 055⁶
560 909 669 962 Ἰονιλαῑος
678 908 810 968 άιιαρτωλός
822 907 857 955 55
868 905 910 966 555
922 908 1040 968 άμαρτιάν

81 993 231 1043 ἐπικρατεῖται
238 978 285 1028 555
294 982 339 1028 555
349 985 380 1032 εἰς
389 979 414 1027 τό
424 992 527 1040 τιμωρεῖν
535 979 589 1032 τοός
600 979 778 1039 άωαρτάνοντας
787 976 936 1026 καθεστώτων
949 982 1065 1028 καθάπαν

81 1055 152 1114 βουλῇ
170 1055 231 1100 Θεοό
247 1054 274 1110 55
290 1049 394 1111 άπαρχής
409 1048 529 1134 όρισθείσρ
545 1052 635 1104 ιλικαίως
651 1061 697 1102 τοῖς
708 1050 814 1107 σε’βοοοιν
830 1045 903 1095 αάτόν
914 1068 1038 1108 παρα-πτω

81 1124 160 1183 55555
175 1119 242 1184 χάριν
257 1119 318 1180 55
287 1139 326 1167 ττι
309 1122 382 1205 μωρία
398 1127 490 1176 ε”,πεται
513 1120 524 1167 5
539 1122 639 1180 γίνεται,
661 1126 699 1166 ἵνα
716 1116 744 1168 55
760 1116 873 1178 ὀφείλημα
889 1116 925 1165 555
941 1122 980 1179 τῆς
994 1126 1039 1179 βα-

82 1195 152 1242 σάνου
167 1191 313 1292 5555555555
330 1189 372 1278 555
389 1188 504 1250 5555555
521 1189 574 1243 5055
589 1183 772 1251 ἐπιστρέψαντας
788 1185 930 1248 καθαρούς
921 1208 946 1236 εν
955 1209 983 1250 τη
993 1209 1038 1238 των

81 1264 136 1312 όλων
151 1261 302 1323 παραστήοῃ7
317 1280 394 1349 5555.
424 1259 452 1312 άς
466 1260 509 1321 γάρ
525 1273 569 1313 τοῖς
585 1271 658 1312 κακοῖς
673 1258 688 1319 5
703 1261 806 1306 ἐνταῦθα
822 1260 894 1317 55555
911 1261 1038 1317 ειςζκμίαν

80 1334 174 1381 αιωνίων
189 1332 284 1392 άγαθων
299 1350 400 1390 5155555,
416 1330 486 1383 οὕτως
502 1337 525 1378 αἱ
540 1350 646 1391 555555
660 1340 706 1381 τοῖς
722 1330 911 1387 παραπίπτουσιν
919 1326 1064 1382 '555055

80 1406 212 1462 555505555
228 1421 260 1453 εις
272 1407 417 1461 εκπραξιν,
411 1407 449 1448 ινα
465 1404 570 1448 ἐνταῦθα
589 1399 762 1451 οἷπολαωόντες8
786 1397 813 1446 τό
832 1397 978 1478 παράπτωμα
999 1402 1040 1456 τῆς

80 1479 122 1520 ἐκεῖ
136 1470 296 1532 ἀπαλλαγῶσιν
312 1474 404 1524 αἰωνλας
419 1469 534 1523 κολάσεως.

80 1626 123 1657 nos.
153 1614 192 1658 Sed
209 1613 262 1656 dicet
282 1613 363 1670 aliquis,
386 1617 406 1658 in
427 1615 463 1657 has
479 1615 625 1671 perpessiones
645 1614 737 1659 incidunt
757 1614 859 1659 interdum
875 1613 942 1656 ‘etiam
959 1613 1040 1668 quidam

79 1686 116 1727 Dei
131 1686 227 1727 cultores.
257 1682 296 1725 Aio
312 1684 332 1726 id
347 1685 392 1728 sieri
407 1698 448 1728 non
464 1698 532 1740 posse.
570 1687 605 1729 llle
621 1686 686 1740 enim,
708 1687 734 1728 de
753 1699 794 1742 quo
811 1686 898 1741 loquor,
919 1684 986 1727 cultor
1001 1685 1039 1727 Dei

81 1761 119 1812 est,
135 1758 170 1810 qui
184 1769 234 1799 vere
250 1761 281 1798 est
296 1755 333 1798 Dei
349 1757 425 1811 cultor,
441 1769 483 1799 non
499 1758 533 1811 qui
549 1757 653 1800 dumtaxat
669 1757 748 1801 dicitur.
785 1758 823 1807 Qui
845 1760 912 1798 autem
933 1770 984 1800 vero
1000 1763 1063 1814 est,2n

80 1828 164 1869 traditae
179 1827 216 1870 sibi
231 1827 283 1881 legis
298 1826 377 1881 perficit
392 1839 462 1881 opera.
493 1827 513 1870 Si
529 1828 574 1882 quis
589 1827 650 1882 impie
666 1828 742 1883 egerit,
762 1828 808 1883 pius
828 1839 870 1870 non
886 1833 924 1870 cst.
960 1829 1039 1878 Quem-

79 1899 187 1941 admodum
203 1898 219 1942 si
235 1897 350 1952 alienigena
365 1898 432 1951 legem
448 1903 527 1954 servet,
548 1898 639 1940 Judaeus
657 1901 701 1949 σείς
723 1898 758 1952 qui
779 1910 831 1940 vero
847 1909 889 1939 non
903 1904 983 1954 servat,
1007 1905 1039 1942 est

79 1969 165 2023 gentilis.
195 1967 285 2010 Judacus
297 1968 360 2023 enim,
376 1968 420 2011 Deo
436 1967 535 2024 credens,
550 1969 618 2024 legem
633 1967 711 2022 implet,
728 1981 766 2022 per
783 1982 844 2024 quam
858 1967 918 2010 fidem
928 1970 987 2012 etiam
999 1971 1038 2013 alia

80 2041 130 2083 mala
145 2039 246 2083 montibus
262 2038 332 2081 similia
348 2044 367 2081 et
383 2039 502 2094 gravissimu
517 2039 619 2082 transfert.
650 2038 688 2087 Qui
703 2051 755 2081 vero
771 2051 814 2081 non
832 2040 951 2093 exsequitur
964 2041 1038 2097 legem,

79 2111 154 2153 clarum
170 2115 209 2166 est,
225 2109 280 2164 quod
297 2121 337 2151 non
353 2109 456 2151 credendo
472 2110 492 2151 in
507 2110 573 2152 Deum
588 2110 609 2152 fit
625 2108 744 2164 transfuga,
759 2109 850 2164 ideoque
869 2115 968 2163 peccator
982 2111 1064 2158 velut25

79 2194 207 2237 nequaquam
222 2180 312 2222 Judaeus
326 2184 411 2234 propter
426 2185 532 2233 peccatum
554 2178 727 2222 acalamitatibus
750 2179 861 2234 subigitur,
885 2192 938 2233 quae
956 2180 981 2222 ad
997 2194 1038 2235 pu-

79 2253 165 2295 niendos
179 2257 300 2307 peccatores
316 2251 438 2293 constitutae
453 2255 506 2294 sunt.
536 2250 587 2292 Nam
603 2249 689 2292 consilio
706 2248 754 2305 Dei,
777 2250 832 2304 quod
854 2250 879 2291 ab
895 2251 952 2293 initio
968 2253 1039 2294 sanci-

80 2327 120 2364 tum
136 2324 183 2380 tuit,
199 2323 251 2365 illius
267 2323 356 2365 cultores
369 2324 425 2378 juste
441 2327 525 2377 propter
541 2322 614 2364 delicta
630 2333 699 2375 poena
716 2323 857 2377 consequitur.
888 2323 947 2372 Quod
964 2324 994 2380 fit,
1011 2331 1038 2381 ut,

79 2401 184 2451 postquam
201 2406 270 2448 poena
285 2394 311 2436 de
326 2400 412 2449 peccato
428 2393 484 2435 velut
503 2393 573 2435 debito
596 2405 632 2448 per
651 2393 783 2434 vexationem
805 2394 906 2435 rationem
926 2395 1038 2451 repetierit,

79 2478 193 2509 conuersos
209 2465 302 2508 homines
317 2466 338 2506 in
354 2470 473 2507 cunctorum
485 2464 564 2519 Judioio
580 2475 644 2518 puros
660 2469 810 2517 repraesentet.
849 2463 905 2507 Sicut
925 2466 978 2506 enim
998 2466 1063 2512 im-ao

0 2526 3 2567 ἕ
70 2538 148 2591 'probis
163 2536 384 2591 praesentesdeliciae
400 2536 419 2577 in
435 2535 530 2576 damnum
545 2535 660 2577 futurorum
675 2534 778 2577 bonorum
795 2536 880 2591 cedunt,
896 2536 923 2578 ita
939 2537 1045 2591 supplicia⁴

79 2607 139 2663 lapsis
153 2609 174 2650 in
190 2611 296 2662 peccatum
312 2607 396 2651 Judaeis
412 2607 517 2650 mittuntur
532 2607 557 2650 ad
569 2608 702 2662 exactionem,
718 2607 877 2666 utrecepta'hio
890 2607 957 2650 delicti
968 2620 1036 2662 poena

81 2691 91 2721 a
107 2679 175 2723 lutura
190 2679 230 2721 illic
245 2683 329 2721 aeterna
345 2680 475 2723 damnatione
490 2680 609 2723 liberentur.

110 2826 128 2865 1.
157 2822 310 2896 ραρακαλολσιν
327 2825 346 2864 U.
601 2827 618 2864 5.
649 2822 709 2873 δῆλον
725 2819 758 2864 55
775 2824 794 2863 G.
826 2822 1034 2863 Τοωλειποτακιεῖθ.

108 2888 127 2923 2.
158 2900 180 2924 ον
195 2883 318 2934 praetermisit
334 2887 378 2923 Sc.
395 2884 422 2923 cl.
600 2888 618 2921 o.
649 2878 724 2920 0550.

109 2946 127 2981 3.
158 2945 207 2983 Sede
222 2944 306 2982 vocabuli
322 2948 389 2983 mutata
404 2946 458 2992 lego:
473 2936 545 2981 Ἐάνό
600 2944 618 2979 7
648 2941 674 2978 lta
691 2942 738 2981 Oc
755 2944 778 2993 S
795 2936 952 2995 παραστήσειΰ

80 2992 124 3040 ἀλλ.
145 3016 162 3042 τ.
182 3018 198 3042 ν.
221 3017 254 3055 πρ.
275 2999 295 3041 ’.l
317 2999 356 3041 ἐστ.
378 3018 404 3055 55
425 2997 504 3054 πράξας
525 2996 546 3039 55
600 3002 618 3038 8.
650 2974 1037 3050 55055505551),qunsupcrexen

78 3051 184 3110 Ιοοδαῖος,
203 3057 286 3112 Ελλην·
312 3057 375 3114 5555
393 3057 490 3101 πιστεύων
505 3058 546 3108 θεῷ
570 3059 604 3108 plis
621 3061 760 3110 comprobavit,
783 3072 848 3099 vocem
864 3053 974 3097 άπολαόειν
991 3071 1037 3097 oon-

80 3122 134 3158 ποιεϊ
146 3115 181 3159 τόν
198 3116 266 3171 νόμον
297 3116 546 3170 Hocmodoelegnnsnasci
568 3117 621 3167 jungi
641 3129 699 3166 posse
719 3132 759 3157 eum
781 3131 824 3157 casu
846 3117 962 3166 accusativo,
983 3124 1036 3167 utque

80 3175 150 3217 ridetur
166 3178 267 3218 antithesis.
284 3180 305 3217 D.
570 3177 618 3214 haud
634 3188 677 3216 mro
693 3179 739 3216 sumi
753 3178 770 3216 in
786 3178 849 3216 malam
860 3181 937 3226 purtem.
954 3174 999 3216 S.'
989 3192 1037 3216 απο-

109 3240 128 3275 4.
157 3239 220 3277 lllattlr.
238 3241 270 3288 17,
287 3243 320 3277 20.
570 3232 666 3288 λαβόντες
681 3237 695 3274 C
711 3238 731 3277 0.

790 3309 815 3352 15
