2276 3612
98 223 135 275 au,
153 225 186 264 ιο.
205 225 237 266 ιι,
560 220 603 268 aaa

98 338 210 399 λεγόντων
229 339 350 397 ἑαρααίναι
374 337 486 395 πτώματα
510 337 567 387 acaci
591 336 691 389 πολλούς
711 337 795 388 τόπους
805 337 822 392 1,
845 334 857 383 ὅ
879 336 954 398 πατὴρ
974 336 1062 390 dardae

98 413 226 464 ἐστέναξεν·
244 406 303 467 πλην
318 405 366 455 dud
381 406 517 470 σπλάγχνων
533 407 709 469 θορνβοιίριενσς
725 405 832 466 οίλίγιστα
848 407 1007 464 anabudana,
1026 412 1062 460 ὅτι
1125 409 1127 430 ³

97 483 208 527 τοσοῦτον
222 480 321 537 μέγεθος
336 478 455 537 θαλάττης
471 484 565 537 ε’ρεννιῖν
579 482 693 540 ἐπειριίτο.
723 476 784 539 πλην
800 478 938 539 συγγνωστὸς
952 476 1006 542 ἦνῆ
1025 482 1061 531 ὅτι
1131 530 1134 544 ,Ἰ

99 554 127 611 ιη’
142 548 199 608 πρὸς
213 548 267 601 τούς
286 551 438 609 ζητοαριὲνονς
453 554 540 612 στοργῇ
553 553 642 599 ἐλπίσιν
656 552 795 610 ἐβουκολεῑτο
811 561 891 601 τεναῑς.
924 554 961 599 act
977 549 1062 611 θηποτε

74 635 83 668 t
98 620 143 668 dni
158 621 293 679 φροντιοτοίς
308 620 406 679 ποιήσας
420 639 450 679 με
466 624 504 669 ταί
520 628 551 674 εἰς
565 619 659 681 Ῥοίριην
675 621 814 674 καταλείψας
833 621 971 686 ὃσιλειιαστη,
991 620 1061 688 αὐτὸς
1129 678 1132 687 0

98 690 200 748 (λατρείαν
215 695 247 741 εἰς
263 691 356 749 Πίρτον
376 688 495 738 αατελθοίν
516 697 552 742 ταί
573 697 605 744 είς
625 696 704 739 πλοῖον
726 689 813 752 ἐριβιίς,
833 690 942 751 α’ναχθείς
960 695 996 740 ἐπὶ
1018 692 1061 752 την
1124 712 1133 756 53

98 762 190 819 ζήτησιν
204 760 329 819 ἐπορεύθη.
367 764 403 809 aot
425 767 501 810 ὲάτοτε
523 770 554 816 εἰς
575 765 617 820 την
636 762 734 820 σηριερον
753 760 842 819 ἡμέραν
860 762 913 807 οὔτε
933 760 1060 823 γροίριριατα

97 828 209 890 εἰλεξοίριην
225 829 277 889 παρ’
293 829 378 886 αὐτοῦ,
394 832 446 878 οὕτε
462 837 481 879 εἰ
497 838 521 894 ζη
537 834 599 880 staff
615 834 709 889 τέθνηκε
724 836 798 890 σαφῶς
814 832 943 890 ἐπίσταμαι.
972 836 1061 892 ,αοίλλσν
1122 843 1132 895 ,ᾖ

99 903 122 947 dt
135 900 228 948 α’πονοῶ
244 900 279 948 ὅτι
294 905 330 949 καί
348 898 418 954 αὖτίς
432 906 529 964 τίθνηαί
544 905 615 957 ocul,
630 902 645 961 ἢ
659 897 705 946 ελπὸ
720 899 794 959 λύπης
809 904 912 960 νικηθείς
931 903 946 962 ἢ
961 906 1060 966 ναααγίρι

74 971 232 1029 1οπεριπεοαίν.
262 972 363 1020 catenat
379 974 403 1020 <tt
418 975 510 1033 δεῖγμα,
525 973 560 1020 ὅτι
575 973 618 1032 ἤδη
633 968 714 1018 λοιπὸν
729 976 805 1018 ὲάτοτε
820 972 921 1021 εἰκοστὸν
933 980 982 1027 ἔτος
993 978 1061 1032 ἐστίν,

99 1038 138 1100 εἶφ’
153 1037 201 1099 ηςὸ
217 1039 327 1101 οὐδεμίαν
343 1040 395 1091 τινοί
412 1047 462 1102 περί
477 1042 548 1091 αὐτον
564 1041 678 1101 ἀληθειαν
692 1041 784 1099 daneon.

156 1113 189 1157 XI.
219 1111 250 1159 ‘O
265 1115 289 1159 δὲ
305 1116 392 1172 Πέτρος
407 1112 493 1161 duorlar
508 1116 582 1161 ταύτα
598 1113 645 1161 dud
661 1115 811 1171 σνριπαθείας
825 1112 956 1174 ε’(ίοίιιρνσεν,
971 1121 1007 1166 acl
1022 1115 1060 1165 εὐ·

99 1184 156 1234 θέαις
172 1193 218 1233 τοῖς
233 1185 324 1229 σανοῦοι
338 1186 440 1243 γνησίοις
455 1191 508 1242 ἔφη·
525 1186 635 1239 eobanci*
648 1202 682 1234 τις
698 1183 855 1231 cantabam
877 1183 1000 1246 θεοσεβὴς,
1023 1188 1059 1236 οἶα

99 1251 111 1299 o‘
125 1250 209 1299 τοτίτσα
225 1255 330 1300 πέπονθε
345 1254 428 1312 πατήρ,
444 1250 528 1308 εὐθέως
539 1258 568 1315 τῷ
583 1256 622 1314 της
633 1255 767 1313 θεοσεβείας
783 1252 839 1316 λόγῳ
847 1252 890 1314 την
900 1259 978 1304 αἰτίαν
991 1277 1060 1316 προς·

73 1324 171 1382 15ηπτεν
186 1322 317 1382 ἐπιγράφων
332 1320 373 1371 τὸν
387 1324 519 1384 πονηρίνῧ·
536 1324 601 1371 ,οὕτω
617 1326 654 1371 ιιαί
674 1334 720 1375 τοῖς
735 1322 983 1384 ταλαιπώροιςέθνεοι
1002 1346 1060 1385 oam-

98 1393 175 1451 βαίνει
191 1392 294 1452 ποίσχειν,
306 1396 343 1440 καί
359 1393 489 1452 σίννοούριεν
506 1400 527 1441 οἱ
542 1398 666 1453 θεοσεβεῖς.
696 1394 851 1455 ταλαιπώρους
863 1396 886 1442 dd
899 1392 1061 1449 αείτοιλςειίλό-
1123 1441 1132 1455 f

98 1479 141 1521 γως
156 1465 246 1521 εἴρηκα,
261 1462 295 1509 ὅτι
311 1468 414 1511 ε’ντααθα
429 1463 526 1511 diducat
544 1468 579 1511 ααί
594 1467 633 1523 της
648 1470 691 1511 tart
704 1463 838 1516 ε’ίπὶλοςού
851 1465 1009 1527 τυγχάνουσιν.
1039 1475 1061 1518 οἱ

100 1603 151 1645 nrari
166 1604 261 1658 ejectum.
297 1602 389 1660 Cumque
408 1606 435 1648 illi
454 1607 517 1650 multa
539 1619 562 1650 se
583 1607 650 1650 multis
670 1606 721 1650 locis
742 1607 843 1649 cadavera
862 1606 937 1650 vidisse
960 1608 1058 1666 dicerent,

99 1678 157 1728 pater
172 1673 257 1716 audiens
272 1675 427 1730 ingemiscebat.
458 1678 534 1719 Verum
549 1677 637 1719 naturali
652 1676 726 1718 affectu
741 1678 872 1731 perturbatus
887 1684 971 1731 praeter
992 1683 1059 1725 ratio-
1123 1714 1131 1722 ,a

73 1752 146 1786 torrem
161 1745 313 1802 sciscitabatur,
336 1748 371 1801 qui
386 1753 462 1790 tantam
482 1749 543 1790 maris
563 1748 679 1790 vastitatem
701 1749 789 1790 scrutari
810 1754 927 1791 conaretur.
965 1751 1060 1796 Attamen

98 1816 159 1857 venia
175 1815 249 1871 dignus
265 1822 318 1873 erat,
334 1818 390 1872 qnod
406 1820 491 1860 caritate
506 1831 557 1873 erga
572 1830 619 1873 eos,
638 1829 691 1871 quos
708 1818 830 1874 quaerebat,
851 1819 928 1873 spebus
949 1822 1060 1866 laetaretur
1124 1856 1130 1874 ς

97 1886 197 1928 inanibus.
226 1886 321 1942 Denique
336 1900 369 1929 me
385 1889 423 1930 sub
440 1888 548 1943 magistris
558 1889 655 1944 positum,
676 1899 741 1931 anncs
756 1894 826 1930 natum
841 1888 950 1933 duodecim
956 1926 962 1949 ‚
982 1893 1060 1938 Romae

98 1956 188 2013 reliquit7
211 1962 231 1998 et
251 1956 295 2010 ipse
310 1957 363 1999 flens
378 1958 485 2001 descendit
501 1959 525 2000 ad
542 1959 633 2013 Portum,
658 1959 748 2013 navique
770 1971 886 2003 conscensa
901 1962 1013 2007 subvectus
1033 1966 1058 2007 ad

96 2027 249 2081 inquisitionem
265 2027 372 2081 profectus
388 2034 425 2072 est.
460 2027 528 2084 Atque
549 2042 576 2071 ex
596 2041 621 2070 co
637 2034 730 2082 tempore
750 2042 817 2085 usque
832 2032 853 2073 in
867 2032 989 2075 hodiernum
1005 2035 1058 2076 diem

74 2105 167 2153 canoque
182 2099 260 2142 litteras
276 2100 321 2154 ejus
337 2100 417 2155 accepi,
438 2112 506 2154 neque
525 2101 542 2143 si
551 2100 613 2153 uiuat
631 2104 666 2141 aut
681 2098 789 2143 defunctus
810 2102 835 2144 sit
856 2107 913 2144 certo
933 2106 987 2148 novi.
1019 2105 1059 2149 Sed

97 2171 163 2224 magis
179 2170 263 2224 supicor
277 2170 333 2211 illum
348 2177 432 2224 quoque
444 2170 531 2225 obiisse,
546 2175 581 2212 aut
596 2169 678 2212 tristitia
693 2169 780 2225 victum,
796 2177 831 2214 aut
846 2172 954 2228 naufragio
973 2176 1058 2218 involu-

98 2246 146 2283 tum.
178 2240 215 2282 Cui
229 2241 261 2282 rei
276 2247 398 2295 argumento
416 2246 458 2297 est,
471 2242 514 2297 jam
530 2242 554 2284 ab
571 2253 596 2284 eo
612 2246 705 2295 tempore
721 2242 843 2297 vigesimum
859 2255 934 2285 annum
949 2258 1006 2303 esse,
1032 2259 1059 2289 ex

100 2324 140 2366 quc
156 2311 205 2352 nihil
221 2311 247 2352 de
262 2323 287 2353 εο
303 2313 349 2353 veri
364 2311 483 2354 audiverim.

157 2382 191 2424 Xl.
220 2382 292 2426 Petrus
307 2395 358 2426 vero
374 2383 426 2425 haec
442 2383 532 2427 audiens
542 2383 726 2426 commiserationis
742 2382 815 2425 affectu
829 2384 930 2441 lacrymas
940 2387 1000 2431 ludit:
1015 2394 1059 2431 sta·
1121 2420 1127 2435 i

73 2453 176 2509 uoltuque
192 2452 217 2494 ad
232 2453 341 2497 familiares
357 2454 392 2508 qui
407 2454 493 2496 aderant
509 2456 544 2497 ait:
566 2454 618 2496 haec
633 2455 650 2497 si
672 2454 717 2508 quis
732 2454 753 2495 in
767 2454 806 2495 Dei
822 2456 877 2498 cultu
891 2458 970 2510 positus
986 2465 1059 2513 pertu—

97 2528 166 2583 lisset‚
190 2539 245 2581 quae
267 2526 327 2582 hujus
342 2528 425 2581 pertulit
441 2532 511 2585 pater,
534 2528 642 2570 confestim
659 2525 756 2579 religioni
777 2527 901 2569 attribuisset
921 2540 1015 2586 causam,
1040 2536 1061 2572 et

98 2599 180 2642 diabolo
197 2598 345 2652 adscripsisset.
375 2597 405 2639 lta
419 2598 480 2640 etiam
495 2598 574 2641 miseris
590 2595 699 2653 gentilibus
716 2595 815 2650 contingit
829 2598 882 2654 pati,
903 2603 923 2640 et
938 2599 1058 2653 ignoramus
1124 2591 1126 2620 3

98 2670 132 2724 qui
147 2669 175 2723 pii
191 2680 241 2723 erga
255 2667 322 2711 Deum
336 2679 413 2713 sumus.
451 2667 539 2711 bliseros
555 2674 623 2711 autem
639 2678 677 2709 eos
693 2665 834 2724 dirimente,
856 2668 904 2722 quia
928 2673 948 2710 et
967 2669 999 2710 hic
1018 2683 1058 2713 va·
1115 2694 1125 2727 χ1

129 2829 147 2864 1.
177 2819 253 2869 conduc
268 2824 283 2862 O
300 2835 316 2862 c.
332 2823 376 2864 θοὰ.
392 2824 437 2871 Reg.
453 2824 502 2862 804.
523 2819 567 2875 τρό-
621 2826 640 2861 7.
670 2817 767 2861 πεπόνθει
778 2824 796 2861 S.
819 2823 839 2861 ln
855 2824 870 2862 0
887 2836 928 2863 esse
940 2825 1013 2866 videtur
1027 2822 1058 2865 σε’-

98 2899 149 2929 mog
164 2885 183 2922 c,
591 2884 665 2920 πονθοι
681 2877 701 2918 ε’ν·
716 2879 821 2935 θεοσεβείᾳ
836 2895 854 2931 p.
870 2898 890 2922 π,
906 2880 1010 2937 θεσσεβής.

127 2949 147 2984 2.
178 2935 212 2982 σίν
228 2942 249 2980 Ο.
281 2942 324 2979 Tum
339 2936 379 2994 πρὸ
394 2954 413 2990 ρ,
429 2937 482 2995 πρὸς
496 2942 551 2981 idern.
621 2942 640 2977 8.
666 2937 693 2988 τῷ
708 2939 787 2991 πονηρῷ
803 2942 848 2980 God.
864 2943 961 2990 aegaea
977 2948 995 2981 et
1010 2943 1058 2992 Epit.

128 3007 147 3042 3,
177 2997 224 3052 ἢΟ
592 2999 628 3037 Sed
645 2997 781 3050 efr.t10n.lx‚
799 3003 831 3040 tc.
850 3004 882 3039 17.
900 3003 932 3040 tc.
961 3002 991 3040 Ad
1007 3013 1057 3040 oram
1117 3004 1126 3047 ζ’

128 3066 147 3101 l.
177 3074 216 3099 πον
232 3071 267 3099 cm.
285 3060 305 3097 0.
337 3057 511 3113 Τοιανασερραηίῳ
526 3059 546 3098 G.
592 3055 710 3095 Ottoboniani
724 3059 760 3096 lroc
778 3059 864 3098 scholion
881 3065 949 3100 exstat:
966 3056 1014 3105 ίσως
1029 3062 1061 3099 δεῖ
1118 3057 1126 3112 ’ξ

144 3151 148 3158 .
178 3115 250 3158 τούτου
266 3121 278 3158 S
295 3131 318 3157 err
333 3117 388 3167 llpit.l
404 3119 463 3158 τοῦτο
479 3119 493 3157 C
509 3120 529 3158 0.
591 3111 701 3168 προοίπτειν
716 3115 767 3170 πρός
782 3114 816 3172 τὴν
832 3114 922 3167 σύνταξιν
942 3116 1059 3173 ἐπιγράφων

131 3185 149 3218 d.
179 3173 213 3229 ιἰηί
232 3170 255 3216 οὗ
270 3178 328 3228 Epic,
343 3170 378 3227 ἀφ’
396 3170 422 3215 ὧν
439 3179 464 3229 0,
485 3178 514 3231 qui
529 3184 566 3218 tum
592 3171 626 3216 aba
641 3170 733 3228 πονηρὸν.
1116 3177 1118 3184 “

103 3251 138 3283 cnr.
154 3234 209 3288 τινα,
224 3237 323 3291 scribitque
338 3231 431 3291 ἀλήθεια,
