2276 3612
115 235 178 290 xvm,
195 246 215 280 2.
227 241 245 281 a.
575 235 618 282 354

1028 350 1076 396 2¹58

116 365 179 408 τρος·
198 352 236 410 ἐγώ
253 354 319 417 λέξω.Ἰ
346 346 375 395 ὅῙ
390 354 435 408 μὲν
451 349 478 397 τό
495 350 554 399 αὐτό
571 356 673 415 παρέχων
690 351 784 413 όγαθοῖς
802 354 838 397 καὶ
853 352 962 406 δικαίοις,
985 357 1018 398 ἔτι

115 432 191 472 κακοῖς
206 425 241 468 καὶ
257 419 347 473 addianis,
362 419 419 466 adad
436 425 459 467 σὲ
473 417 527 468 odda
543 423 631 474 δίκαιός
644 428 711 478 ἐστιν,
726 424 761 466 καὶ
779 426 798 466 εἰ
814 419 912 478 όγαθσῖς
924 419 1006 485 α’γαθό
1017 440 1075 480 καρ-

117 502 182 552 εῑχεν,
198 500 272 539 κακοῖς
288 509 311 535 τε
327 489 398 545 κακοί,
419 491 507 536 dinume
529 492 558 537 do
580 488 651 540 αὐτόν
673 490 767 549 εὐλόγως
786 493 865 548 ἔλεγες.
904 493 958 550 κοίη
982 486 1024 536 οὖν
1045 496 1076 536 ε”τι

118 561 195 618 apage
210 558 323 619 χρώμενος
339 556 368 604 ολν
383 555 423 617 η’ν,
439 565 459 606 εἰ
474 558 508 619 μη
522 560 598 620 ταύτῃ
613 564 690 622 χρῆται
706 562 759 620 ὁδῷ,
780 570 855 610 κακοῖς
870 563 915 617 μὲν
931 562 1032 619 παρέχων
1048 564 1075 604 ια’

91 636 100 667 5
118 629 243 686 πρόσκαιρα
249 660 254 681 ,
270 626 309 674 ἐόν
324 627 369 684 σ’όρα
385 629 584 689 μεταβάλλονται,
600 630 698 690 οἲγαθοῖς
713 634 735 677 dd
750 628 842 683 αἰώνια,
865 628 905 676 taio
920 648 945 687 γε
966 630 1076 686 ἐμμείνω-

117 715 165 751 σινς
181 702 216 744 καλ
233 698 304 749 οὕτως
319 700 365 760 τῷὸ
385 704 430 758 μὲν
450 703 506 746 τιοὶσι
529 703 648 762 παρέχειν,
668 700 783 759 θιαφόροις
804 702 827 745 dt
845 701 979 759 χαρίζεσθαι
1001 695 1027 744 τό
1043 698 1076 742 di-

115 787 179 814 καιον
197 768 271 816 αὐτού
286 768 379 828 οἷγαθόν
395 777 469 825 ἐστιν,
491 773 527 817 καὶ
549 772 705 830 μακρόθομσν
719 768 792 829 ταύτῃ
814 772 916 828 μαλλον,
937 775 957 815 εἰ
971 769 1076 827 ἁμαρτω-

114 843 158 888 λοῖς
173 843 216 895 μὲν
233 843 373 896 μετανοούσι
388 845 503 904 χαρίζεται
519 841 547 887 τό
564 839 732 900 ἁμαρτήματα,
756 835 783 884 εὖ
798 839 896 897 κρόξασι
921 842 943 886 dd
962 842 998 885 καὶ
1021 835 1076 896 ζωήν

115 907 206 954 αιίόνιον
220 907 357 968 ὕκογροὲηιει.
397 914 478 971 κρόκων
501 914 523 958 d’e
543 916 576 962 εἰς
596 913 671 963 τέλος,
692 913 728 957 καὶ
749 906 774 954 τό
799 907 846 954 κατ’
868 907 933 963 σῖξίαν
953 905 1076 965 ἀπονέμων

89 976 197 1034 scandata
212 976 297 1030 δίκαιός
312 985 379 1025 ἐστιν.
410 985 430 1025 εἰ
445 984 489 1038 μὲν
505 976 547 1025 οὖν
563 983 635 1024 ταντα
655 976 727 1035 ὀρθῶς
751 975 823 1027 οὕτως
847 985 901 1040 ἔχει,
923 977 1075 1037 ὁμολόγησον·

115 1053 134 1093 εἰ
151 1050 174 1093 dd
189 1046 216 1095 od
232 1050 292 1095 donn
308 1070 342 1097 σοι
358 1048 432 1108 ὀρθῶς
447 1056 518 1111 ἔχειν,
533 1049 670 1106 (λιὲλεγξοιι4.

172 1119 205 1163 ΙΙΙ.
237 1121 281 1165 Καὶ
296 1119 307 1165 ό
325 1121 403 1176 Σίμων
419 1125 472 1177 ἔφη·
496 1118 557 1172 dna}
572 1124 638 1177 ἔφην·
655 1120 707 1176 γιοὶς
723 1119 865 1175 νομοθέτης,
886 1123 917 1168 εἰς
939 1115 964 1164 τό
988 1120 1076 1164 δίκαιον

114 1185 216 1246 deiopeia,
232 1186 400 1241 dr'noro'ge‘oaca.
438 1190 473 1234 καὶ
499 1187 625 1245 όΠὲτρος·
652 1192 671 1233 εἰ
686 1187 778 1246 οἷγοιθοό
794 1189 839 1233 ἐστὶ
855 1184 888 1243 μη
904 1195 978 1233 θεῖναι
994 1187 1076 1243 νόμον,

114 1259 201 1303 danudon
216 1259 239 1303 dt
254 1257 279 1302 τό
295 1260 394 1310 θέσθαι,
414 1261 450 1304 καὶ
466 1256 536 1308 οὕτως
557 1257 721 1315 όιλημιονργός
738 1253 826 1314 α’γαθός
849 1262 895 1303 ἐστι
921 1260 958 1303 καὶ
983 1259 1075 1306 dinewr.

91 1323 203 1385 λοαγαθός
218 1329 271 1384 μέν,
291 1325 325 1373 ὅτι
346 1324 392 1374 aad
413 1330 457 1372 των
475 1324 560 1387 χρόνων
576 1324 655 1383 'Addo
678 1329 742 1386 μέχρι
768 1325 893 1377 Μωσσὲως5
913 1325 1026 1386 ἐγγράφως
1047 1325 1075 1373 οὐ

115 1399 220 1455 φαίνεται
234 1393 340 1447 τεθεικώς
355 1394 394 1443 τόν
409 1396 497 1453 νόμον
519 1394 564 1442 dat
584 1397 606 1441 dd
630 1398 740 1445 Μωυσέως
761 1401 792 1445 εἰς
814 1394 867 1445 τσκλς
888 1397 952 1455 daupc
974 1397 1075 1457 χρόνους,

113 1464 142 1517 σός
156 1468 294 1525 γε’γρακται,
313 1469 348 1512 καὶ
364 1467 448 1517 δίκαιός
464 1472 532 1512 ἐστιν.
562 1469 599 1512 καὶ
621 1464 741 1522 όΣόμων,
764 1460 810 1510 aad
825 1468 869 1510 των
885 1469 927 1514 τοι]
942 1466 1076 1513 ιλιιλασκόλοσ

115 1554 156 1582 σου
172 1539 251 1594 φωνῶν
267 1536 362 1591 (λεῖξονῧ,
377 1536 412 1583 ότι
426 1539 468 1581 aod
485 1533 558 1582 αὐτοῦ
573 1538 643 1590 ἐστίν,
660 1531 750 1593 cipando
767 1537 824 1580 εἶναι
836 1539 872 1582 καὶ
884 1537 996 1583 θόκαιον7.
1026 1538 1075 1594 ἐμοὶ

114 1604 159 1664 γοόρ
174 1603 285 1652 αἰλόνατον
308 1607 424 1663 φαίνεται,
443 1603 484 1652 τόν
505 1607 636 1664 νομοθέτην
655 1602 744 1663 α’γαθόν
760 1605 820 1663 λὄντα
840 1604 881 1654 τόν
897 1604 968 1653 αὐτόν
991 1609 1025 1652 καὶ
1042 1608 1074 1651 θὶ-

91 1757 189 1803 ιοκοωρσ
206 1749 276 1791 eadem
289 1748 391 1802 praebens
407 1749 467 1792 bonis
483 1761 507 1790 ac
518 1747 579 1803 justis
595 1752 615 1788 et
630 1752 739 1801 praeterea
754 1748 811 1790 maiis
828 1760 852 1789 ac
866 1748 947 1805 iniquis,
962 1750 1075 1791 secundum

115 1826 134 1861 te
149 1832 188 1861 nec
201 1821 269 1874 Justus
285 1824 326 1875 est,
347 1823 368 1860 tu
394 1831 451 1874 eum,
475 1819 567 1861 sibonis
590 1817 644 1859 bona
659 1818 770 1873 tribueret7
794 1818 892 1873 malisque
913 1820 976 1873 mala,
996 1821 1074 1873 Justnm

115 1891 187 1932 merito
203 1889 341 1943 praedicares.
373 1889 430 1938 Quali
447 1900 499 1944 ergo
516 1888 583 1929 adhue
598 1888 679 1928 actione
696 1887 794 1929 utendmn
811 1889 829 1929 ei
845 1894 908 1944 esset)
924 1891 940 1932 si
949 1902 990 1931 non
1001 1896 1074 1932 utere-

114 1965 147 2002 tur
163 1961 201 2001 hac
216 1961 258 2015 via,
272 1960 329 2002 malis
345 1960 426 2013 quidem
442 1959 493 2001 dans
508 1958 638 2013 temporalia,
660 1957 677 1999 si
691 1957 745 1999 forte
761 1965 920 2011 convertantur,
943 1961 1002 2002 bonis
1022 1972 1073 2002 vero

115 2032 249 2087 sempiterna,
265 2030 327 2072 modo
342 2035 484 2083 perseverent.
514 2028 590 2082 Sicque
604 2028 712 2083 largiendo
729 2030 819 2084 cunctis,
835 2030 1018 2084 praestantioribus
1035 2043 1074 2073 au-

92 2107 156 2146 aatem
173 2101 257 2155 gratiam
273 2100 379 2155 faciendo,
392 2100 469 2155 justitia
487 2100 531 2154 ejus
548 2100 602 2139 bona
619 2102 660 2152 est,
677 2103 697 2139 et
713 2110 738 2139 eo
754 2100 818 2154 magis
834 2102 972 2156 magnanima,
990 2102 1007 2143 si
1022 2114 1075 2155 pec-

116 2172 219 2214 catoribus
234 2170 316 2225 quidem
332 2171 479 2224 poenitentiam
495 2168 604 2223 agentibus
623 2174 707 2222 peccata
728 2171 840 2226 condonat,
864 2172 917 2211 bene
942 2173 1074 2225 operantibus

116 2248 183 2284 autem
199 2242 259 2283 etiam
274 2242 335 2284 vitam
351 2246 456 2283 aeternam
471 2239 546 2283 definit.
577 2240 674 2282 Judicans
690 2253 741 2282 vero
759 2241 779 2281 in
794 2240 841 2293 sine,
859 2248 931 2295 cipro
946 2244 1073 2287 meritosin-

116 2314 169 2368 guiis
184 2313 312 2366 retribuens,
324 2312 392 2366 justus
409 2312 493 2354 exsistit.
531 2310 564 2353 An
582 2311 653 2366 itaque
677 2310 728 2353 baec
751 2317 808 2354 recte
824 2324 846 2353 se
863 2325 888 2354 eo
905 2314 965 2355 modo
981 2314 1067 2357 habeant

115 2382 225 2438 profitere3
239 2381 270 2423 sin
286 2383 351 2424 minus
366 2383 401 2423 tibi
416 2382 442 2424 ita
459 2394 505 2425 esse
520 2382 611 2438 videtur,
625 2381 698 2424 refuta.

92 2462 112 2497 an
173 2451 204 2495 ΙΙΙ.
234 2451 346 2505 Respondit
360 2452 440 2494 Simon:
457 2452 521 2494 semei
537 2452 586 2493 dixi:
603 2453 668 2494 omnis
684 2452 796 2507 legislator,
813 2452 942 2508 adjustitiam
955 2456 1073 2512 respiciens,

113 2526 181 2580 J'nstus
198 2527 233 2564 est.
262 2521 287 2563 Et
301 2523 380 2565 Petrus:
397 2524 414 2567 si
431 2524 479 2566 boni
496 2528 537 2577 est,
553 2535 595 2564 non
610 2522 666 2565 ferre
681 2523 756 2579 legem,
769 2524 885 2580 Justivero,
901 2524 962 2582 ferra,
979 2527 1073 2569 itaetiam

116 2594 204 2637 Creator
219 2592 286 2633 bonus
306 2598 336 2635 est
356 2606 379 2635 ac
392 2597 466 2649 Justus.
499 2596 569 2636 Bonus
591 2595 684 2649 quidem,
709 2594 805 2648 quioniam
826 2607 837 2636 a
857 2598 983 2650 temporibus
1003 2598 1075 2639 Adami

115 2678 182 2720 usque
197 2662 222 2705 ad
237 2661 315 2704 nosen
328 2665 421 2718 scriptam
437 2665 505 2720 legem
519 2666 589 2706 tulisse
606 2677 646 2705 non
663 2666 764 2718 cernitur,
783 2665 851 2719 J'ustus
867 2679 929 2721 vero,
950 2669 1046 2721 quoniam
1063 2680 1074 2708 a

115 2737 173 2778 bicse
189 2745 256 2788 usquo
273 2733 298 2773 ad
313 2733 364 2775 hano
380 2740 468 2777 aetatem
484 2736 533 2790 tulit,
550 2735 602 2777 sicut
618 2736 693 2788 scripta
706 2740 743 2775 est.
774 2735 823 2776 Tum
834 2737 914 2778 Simon:
930 2750 956 2778 en
971 2739 1073 2780 tuiPrae-

91 2805 206 2859 3sceptoris
222 2803 307 2846 vocibus
323 2806 418 2860 ostende,
434 2806 527 2862 ejirsdem
543 2816 600 2859 esse,
615 2806 691 2846 bonum
709 2816 755 2847 esse
771 2817 794 2846 ao
806 2806 892 2859 justum.
931 2806 979 2848 Mihi
999 2809 1073 2862 quippe

118 2877 199 2920 videtur
223 2874 359 2929 impossibile,
380 2882 401 2918 ut
419 2876 543 2932 Legislator,
568 2876 601 2929 qui
621 2875 688 2917 bonus
707 2876 744 2923 sit,
764 2876 816 2918 idem
835 2879 902 2932 Justus
924 2877 1014 2919 exsistat.
1049 2876 1074 2918 Et

1070 2348 1075 2370 i

148 2988 166 3022 t.
197 2980 248 3023 stc.
608 2982 674 3032 scripsi
689 2994 712 3020 ex
728 2983 748 3022 0.

149 3047 166 3081 2.
198 3037 242 3081 eds
259 3052 274 3078 c.
292 3040 318 3079 Gi,
640 3043 657 3079 5.
688 3040 813 3090 μωνσέοςθ.
845 3044 875 3082 Sic
892 3043 963 3082 deinde.

147 3104 165 3139 3.
196 3096 219 3138 τό
237 3100 257 3138 Ο.
639 3103 656 3137 6.
688 3097 743 3147 δείξω
760 3103 780 3141 0.

149 3163 168 3196 4.
199 3156 240 3210 ἔχη,
256 3152 379 3209 ὁμολόγησον
396 3155 414 3193 G.
429 3156 475 3195 Vhb.
492 3154 509 3196 εἰ
523 3154 543 3197 δὲ
560 3152 583 3195 od
638 3160 656 3194 7.
687 3157 752 3208 tract,
767 3154 1071 3212 ἀγαθῷεἶναικαὶιῖικαίῳῦθ.

119 3214 176 3254 δοκεῖ
196 3229 227 3254 σοι
252 3211 322 3269 ὀρθῶς
346 3211 406 3266 ἔχειν,
430 3211 527 3266 astrata
549 3217 582 3253 de-
