2276 3612
544 202 585 247 323
931 204 976 255 xvi,
993 207 1012 244 e,
1029 209 1047 245 9.

82 316 142 363 οὕτω
149 314 193 377 γάρ
201 320 326 376 γέγραπται
336 321 354 349 ²·
372 320 432 372 aaut,
448 317 518 364 οἳτδν
529 317 628 377 edoardo
644 322 680 366 uui
696 322 739 379 την
748 323 791 379 νην
800 317 841 367 οὐκ
852 319 970 375 ἐποίησαν,
986 318 1046 367 cirro-

83 389 212 434 λέοθωπαν·
228 391 264 435 καῖ
282 393 349 437 τοῦτο
366 386 436 437 stude
451 387 491 450 οὐχ
507 386 535 440 ὦς
551 391 616 436 ἐνίων
631 390 798 448 πεποιηκότων,
814 393 850 437 καὶ
865 388 899 447 ,κη
915 387 1046 449 boetiique*-

82 475 138 510 νων,
152 453 180 506 ὦς
195 455 364 517 dolebamque?
396 461 506 518 δηλοδτοιι
521 460 564 519 yde
580 459 612 510 εἷς
628 458 638 506 ὁ
655 461 782 516 πεποιηκώς
796 465 826 522 τῷ
847 459 952 521 οἷπαρχης
965 463 1046 521 γεγρα-

83 526 168 586 ιρθιιι·ὅ
184 531 208 573 ἐν
223 527 279 592 δρχη
297 533 403 590 ἐποίησεν
420 527 432 576 o‘
449 526 506 580 Θεός
526 528 567 576 τὸν
591 528 690 588 οὐρανὸν
706 533 741 576 καὶ
759 531 800 590 την
814 533 865 591 γῆν.
901 533 938 577 καὶ
961 529 999 577 οὐκ
1015 533 1046 578 εἷ-

82 611 136 642 πεν·
154 601 175 642 οἱ
190 601 249 646 θεοί.
280 603 315 647 καὶ
330 600 386 662 δλλη
403 619 448 647 πον
464 601 532 658 λέγει·
558 601 651 658 ποίησιν
674 601 698 646 δὲ
720 604 800 660 χειροῖν
821 599 892 649 αὐτοι]
913 599 1060 662 α’ναηγέλλειι

81 664 105 710 τό
122 668 244 725 στερέωμα.
273 673 309 717 καὶ
325 675 348 716 ἐν
364 673 429 731 ἑτέρῳ
444 670 525 731 τόπῳδ
539 662 675 728 γέγραπται·
698 674 718 715 οἱ
736 666 829 728 οὐρανοὶ
846 671 909 720 αὐτοὶ
926 672 1045 720 devoluto-

81 754 129 788 ται,
146 735 174 782 οδ
191 739 214 785 δὲ
230 741 344 799 διαμενεῑς
361 747 391 794 εἰς
407 741 448 788 τὸν
465 744 543 787 uiduu-

138 808 171 852 ῙΧ.
213 812 257 857 Καὶ
273 809 284 856 ὅ
301 813 379 870 Σίμων
395 818 448 871 ἔφη·
470 810 528 870 πρὸς
545 810 569 858 ιδ
585 816 624 869 ἐμὲ
642 813 708 864 δεῖξαι
724 810 823 862 πολλοῦς
839 816 896 860 εἶναι
912 812 980 866 baeda
996 811 1042 860 δπδ

80 880 122 922 των
137 883 240 938 γραφῶν,
255 882 331 939 φωναῖς
347 893 423 941 σαφεῖς
439 884 584 941 παρὲστηοα,
605 879 632 928 οδ
646 883 669 927 δὲ
686 878 817 933 τοοαδτας5
841 879 855 939 ἢ
878 885 913 929 καὶ
935 886 1042 934 πλείονας

81 946 155 1018 ηανδς
170 949 216 996 α’πὸ
232 955 276 997 των
292 950 366 999 αὐτων
380 955 473 1012 γραφῶν
489 953 610 1013 ε’νήνοχας,
628 949 736 998 δεικνύων
752 950 787 997 ὅτι
802 952 833 1004 εἷς
849 955 894 1000 ἐστι
912 951 983 1006 Θεὸς,
1004 955 1068 999 uallo

79 1019 147 1072 οὖτος
161 1016 285 1068 Ἰουδαίων.
315 1027 350 1071 καὶ
360 1021 423 1083 ’πρός
439 1022 465 1069 νδ
480 1027 552 1069 εἰπεῖν
566 1043 608 1081 με,
625 1022 653 1068 ov'
668 1023 700 1069 δεῖ
713 1027 844 1082 κακολογεῖν
861 1021 941 1076 θεούς,
957 1024 1042 1085 ἐπηγα-

79 1107 117 1146 yae
131 1089 190 1148 πρὸς
205 1091 230 1138 τὸ
246 1093 323 1148 δεῖξαι,
339 1093 373 1141 ὅτι
389 1094 420 1145 εἷς
436 1095 497 1140 ἐστιν
514 1091 525 1139 δ
541 1093 676 1152 πεποιηκώς,
693 1091 728 1139 ὅτι
744 1098 765 1138 οἱ
781 1091 813 1152 ,κη’
823 1091 972 1154 πεποιηκότες
986 1093 1041 1141 εἷπο-

80 1159 162 1205 iteam
177 1166 272 1221 ἔχοαοιν.
308 1160 363 1222 πρὸς
383 1165 405 1210 δὲ
423 1161 448 1210 κδ
465 1168 537 1210 εἰπεῖν
553 1183 595 1221 με,
618 1164 653 1210 ὅτι
670 1164 701 1210 δεῖ
715 1160 786 1216 θεοδς
802 1166 885 1223 λέγειν,
906 1163 984 1211 καδδ6
1005 1167 1040 1211 καὶ

79 1233 102 1273 αἱ
116 1235 199 1290 γραφαὶ
217 1231 301 1285 αὐτούς
316 1236 431 1292 λέγουσιν,
447 1237 483 1281 καὶ
500 1233 556 1293 πρὸς
572 1233 678 1285 τούτοις7
693 1236 790 1288 ἔδειξας,
810 1233 844 1280 ὅτι
866 1231 899 1293 ,ειη
918 1236 951 1281 δεῖ
966 1234 1042 1281 αὐτῶν

78 1298 182 1357 ὀνόματα
199 1305 356 1362 φθέγγεσθαι,
371 1310 401 1364 τηῖ
415 1303 456 1364 την
474 1301 545 1362 αὐτὴν
561 1303 651 1362 γραφήν
666 1304 760 1358 elected,
776 1300 880 1362 ὀνόματα
891 1306 952 1349 θεῶν
962 1307 1040 1363 ἑτέρων
1047 1317 1066 1352 15

78 1367 111 1426 μη
128 1372 278 1430 φθέγγεσθαι.
308 1376 355 1420 ἐπεὶ
371 1370 414 1420 οὖν
430 1372 512 1432 oricol⁹
528 1379 551 1419 αἱ
566 1376 650 1431 γραφαὶ
668 1372 767 1424 πολλοδς
782 1376 885 1432 λέγουσιν
894 1377 952 1421 εἶναι
962 1373 1040 1427 θεούς,

79 1442 113 1486 καὶ
128 1439 209 1489 ἄλλοτε
224 1450 264 1489 ἕνα
279 1441 354 1502 μόνον
370 1446 436 1496 εἶναι,
451 1447 486 1491 καὶ
500 1445 536 1490 ὁτὲ
553 1447 597 1501 ,roda
615 1441 648 1501 ,ειη
665 1448 846 1501 κακολογεῖσθαι,
862 1443 899 1489 bct
915 1446 938 1490 δὲ
949 1446 1040 1490 κακολο-

78 1593 149 1622 eorum
162 1588 295 1636 praenotans:
311 1584 338 1626 ita
354 1585 407 1626 enim
423 1584 520 1639 scriptum
536 1589 577 1626 cst:
593 1583 629 1624 Dii
644 1583 678 1637 qui
694 1583 773 1624 coelum
788 1589 809 1625 et
828 1589 905 1626 terrum
924 1598 966 1627 ωοιι
978 1585 1039 1639 sece-

77 1657 132 1708 rmet,
147 1659 244 1707 pereant,
262 1659 325 1709 atque
341 1655 371 1697 sic
386 1655 419 1696 ille
434 1655 515 1697 loculus
531 1659 574 1710 est,
597 1666 638 1696 nou
656 1653 714 1708 quasi
730 1653 811 1707 quidam
827 1654 853 1696 dii
868 1654 955 1698 fecerint
971 1669 1004 1712 ea,
1021 1661 1041 1699 et

78 1736 119 1766 riou
135 1731 232 1781 pereant,
248 1726 419 1780 quemadmodum
435 1727 582 1781 interpretatus
598 1738 626 1767 es.
665 1723 721 1765 Unus
745 1724 798 1765 euim
819 1724 937 1768 declaratur
957 1733 1067 1771 creaturan

78 1806 103 1835 eo
120 1795 175 1849 quod
192 1796 249 1839 initio
266 1797 363 1852 scriptum
379 1803 420 1840 est:
436 1798 457 1838 ιἰι
471 1797 574 1851 principio
591 1794 670 1836 creocit
684 1794 741 1834 Deus
757 1795 836 1836 coelum
850 1801 964 1840 etterrom.
995 1798 1039 1840 Nec

77 1864 132 1907 dixit:
148 1867 189 1909 Dii.
220 1867 244 1909 Et
259 1868 305 1910 alibi
321 1869 358 1910 ait:
374 1873 394 1909 et
408 1880 472 1922 opero
486 1880 582 1909 ωακιιιιω
597 1868 642 1919 ejus
658 1866 772 1906 concoctae
784 1867 938 1919 firmamentum.
969 1866 1037 1922 Atque

76 1934 96 1974 in
114 1935 152 1977 alio
166 1936 213 1979 loco
229 1939 326 1993 scriptum
342 1943 381 1980 est:
400 1939 452 1979 coeli
467 1939 507 1992 ipsi
520 1937 624 1991 periberet,
641 1941 662 1977 ικ
677 1941 743 1977 certem
751 1937 883 1990 permanebis
893 1939 915 1979 ιιι
926 1943 1036 1981 aetermam

134 2006 166 2049 lX.
197 2008 251 2051 Dixit
267 2009 348 2051 Simon:
370 2007 402 2050 Ad
418 2009 458 2051 hoc
475 2010 529 2064 quod
551 2022 591 2063 ego
607 2009 680 2050 multos
704 2021 752 2049 esse
768 2007 824 2050 Deos
841 2009 921 2051 ostendi
938 2022 964 2050 ex
978 2009 1035 2052 Scri-

76 2078 147 2132 qluris,
164 2092 249 2133 quarum
265 2081 328 2122 verba
343 2081 450 2123 manifesta
464 2081 557 2135 exhibui,
581 2087 602 2123 tu
617 2081 685 2123 itidem
702 2081 734 2122 vel
753 2080 810 2133 plura
826 2081 941 2122 testimonia
958 2093 984 2121 ex
999 2080 1063 2123 iis-‘25

77 2147 122 2188 dem
139 2148 248 2204 Scripturis
265 2151 357 2207 attulisti,
379 2152 469 2206 probans
484 2165 547 2193 uuum
568 2164 615 2194 esse
637 2151 711 2205 Deum,
732 2162 820 2204 eumque
841 2149 974 2193 ludaeorum.
1012 2151 1037 2192 Et

77 2217 101 2257 ad
116 2211 136 2259 id
152 2221 205 2275 quod
223 2222 274 2263 dixi:
296 2235 337 2263 ιιοω
352 2227 432 2275 oporiet
447 2222 493 2263 Diis
507 2222 639 2277 maledicere,
657 2220 788 2275 subjunxisti,
804 2224 826 2261 ut
843 2219 958 2263 declarares
974 2233 1036 2262 uuum

77 2299 123 2330 csse
151 2296 281 2346 creatorem,
308 2291 364 2346 quod
392 2293 426 2345 qui
447 2305 488 2333 coo
514 2297 621 2343 αόωωιιι,
647 2292 718 2344 perire
740 2290 820 2332 babeat.
859 2290 950 2346 Cumque
974 2293 1035 2334 dixe-

76 2360 123 2416 rim,
150 2363 286 2405 nomiuandos
313 2376 360 2405 csse
380 2362 447 2418 Deos,
475 2364 571 2417 quoniam
600 2368 619 2404 et
643 2361 761 2416 Scripturas
782 2374 817 2404 eos
839 2363 952 2418 nominant,
976 2366 1034 2406 etiam

76 2431 100 2473 ud
130 2431 181 2475 haec
208 2433 364 2484 demonstrasti,
400 2445 441 2474 nou
470 2439 568 2488 oportere
594 2445 666 2474 eorum
696 2433 777 2474 nomina
806 2432 900 2486 prolerre
926 2446 951 2475 co
979 2436 1059 2490 quodao

75 2501 147 2544 cadem
178 2503 282 2557 Scriptura
307 2503 369 2559 dicat,
397 2504 478 2545 uomina
506 2504 595 2546 Deorum
621 2504 704 2544 aliorum
728 2514 769 2543 nou
794 2504 846 2544 'esse
873 2506 1032 2556 pronuncianda¹

74 2570 245 2628 Quandoquidem
267 2586 318 2628 ergo
341 2574 426 2617 eaedem
450 2573 568 2628 Scripturae
591 2574 664 2615 multos
686 2573 756 2616 dicunt
783 2585 829 2615 csse
849 2573 915 2629 Deos,
938 2580 958 2616 et
978 2576 1032 2629 alibi,

75 2655 136 2686 unum
159 2645 224 2686 solum
247 2656 305 2699 esse,
332 2651 352 2686 et
373 2644 499 2699 aliquando,
515 2645 539 2687 iis
559 2657 600 2687 nou
626 2642 798 2698 maledicendum,
823 2643 943 2700 aliquando,
967 2645 1031 2686 male-

105 2789 121 2824 1.
151 2787 189 2824 der.
208 2788 238 2834 10,
257 2788 288 2823 ll.
567 2783 587 2824 δὲ
603 2781 640 2829 τὰς
655 2780 718 2828 αὐτὰς
734 2786 753 2823 C.

103 2849 121 2883 ι.
152 2840 273 2895 ἑρμηνενσας
294 2843 314 2882 C.
344 2844 387 2880 Tum
408 2842 436 2892 τῷ
454 2843 469 2880 Ο
490 2855 506 2880 c.
521 2844 540 2891 S,
596 2848 613 2882 b.
644 2838 691 2881 καθ’
709 2838 719 2882 ὃ
736 2844 755 2882 C.

73 2898 95 2941 ab
113 2904 132 2943 G.
163 2903 244 2941 Subinde
261 2897 297 2940 ἀπ’
312 2897 363 2953 ἀρχῇ
379 2901 400 2940 0.
423 2904 424 2907 ’
595 2906 613 2941 7.
643 2901 702 2950 τοῦτο
719 2901 741 2941 Ο.
776 2902 818 2939 Τπω
842 2903 873 2941 δεῖ
886 2904 933 2950 conj.
950 2902 973 2950 C,
999 2903 1028 2951 qui

102 2964 135 3001 3..
151 2961 195 3000 Gen.
213 2965 230 3011 1,
248 2964 308 3000 1.-
329 2960 358 2999 Ps.
376 2962 408 3009 18,
426 2963 444 2997 2.
461 2981 488 2988 -
511 2960 538 2996 rs.
563 2960 581 2997 in
597 2964 646 2997 textu
662 2960 701 2999 δεῖν
715 2965 735 2998 ut
751 2961 771 2999 0.

75 3021 121 3067 102,
132 3023 171 3058 26.
593 3020 611 3056 8.
642 3015 702 3058 εἰπεῖν
718 3032 753 3058 οω.
770 3019 791 3057 0.

102 3082 120 3116 4.
151 3078 214 3116 Textui
235 3075 307 3115 reddidi
335 3071 390 3125 τόκῳ
410 3089 419 3113 a
439 3076 459 3113 Cl
484 3081 501 3114 et
524 3077 536 3114 S
592 3080 609 3113 9.
640 3077 654 3115 G
675 3079 739 3126 vertit,
771 3077 821 3125 quasi
843 3076 880 3124 legi
902 3075 983 3114 voluerit
1008 3092 1021 3116 α

73 3129 163 3174 omissum.
562 3130 628 3173 αὗταί.
645 3137 664 3173 S,

102 3200 119 3233 5.
150 3193 239 3247 γραφῶν,
255 3189 280 3239 ἃς
295 3193 366 3243 σαφεῖς
376 3188 499 3245 copiaeque,
514 3191 537 3231 ob

771 3266 795 3309 21
808 3263 821 3290 δ
