2276 3612
557 262 599 307 aot
925 259 955 311 IX,
974 259 1064 299 ιο-ιι.

98 380 158 429 ἐστίν
178 372 303 436 οίνδριιίντου
326 375 400 439 ψυχή,
422 369 447 422 τί
472 377 495 421 δὲ
516 379 556 434 της
580 379 665 436 τροφης
685 374 767 431 δλωδες
785 378 815 437 τῷ
832 372 921 433 σώματι
937 377 1022 419 ἐντιθὲν
1037 372 1065 424 nir

97 445 167 500 διινιίς
182 449 242 508 αὐτῷ
257 447 407 495 ὑπολείπεται
423 443 464 496 ἰός.
495 442 528 490 διδ
545 449 582 493 ἐντί
599 449 691 494 ττιίννωυ
707 447 776 494 καλὸν
792 445 806 504 ἦ
825 442 958 501 edaciorem.

154 513 209 563 thtss
223 575 225 580 .
239 523 305 569 Τινὲς
329 519 352 562 δὲ
371 519 416 561 τῶν
437 516 568 574 κακούργων
591 518 705 574 δαιμόνων
727 519 798 568 οίλλως
820 514 984 575 ἐνεδρεύουσιν.
1022 511 1064 572 την
1113 539 1114 542 ¹

97 586 166 648 ἀρχὴν
182 586 233 634 οὐδὲ
249 587 299 634 ι’ίτι1
317 588 375 632 εἰσίν
391 587 554 641 ἐμφαίνοντας,
570 585 630 637 ὅπως
645 588 659 644 η
674 587 720 633 κατ’
737 586 810 634 αὐτῶν
821 584 907 644 σντσυδη
919 585 954 644 μη
962 587 1064 645 γένηται,

97 657 201 715 ειίναίρως
218 659 241 704 δὲ
256 657 325 716 ὀργης
339 653 460 713 προφάσει,
476 662 567 714 ἔρωτος,
583 654 597 714 ἢ
613 655 683 710 Ιίίλλου
698 657 768 713 τινός,
782 658 849 717 η’τοι2
865 662 935 715 ξίφει,
950 656 965 716 η’
980 653 1079 716 βρόχω,5

96 729 109 790 η’
125 733 228 790 ιιρημνηί,
243 728 258 786 ἢ
273 730 338 784 ἑτέρην
352 729 395 772 τινί
411 725 436 772 ‘ad
452 730 516 785 σωμα
532 729 648 785 αἰφνιδίως
663 730 827 785 ἐνυβρίζουσιν,
847 733 882 776 nul
898 733 929 779 εἰς
945 730 1009 777 τέλος
1025 745 1064 771 νο-

97 801 273 857 λασδησομίνας
297 796 444 843 ιιαδεστώσιὸ
462 800 507 841 των
531 793 719 856 οίνανειιραμίνων
739 799 779 848 τοίς
799 798 963 855 ηαατημίναςί
985 796 1064 847 αὐτοῖς

97 869 181 930 ψυχας,
203 865 231 918 ὦς
250 873 352 930 ἔφαμεν,
372 871 403 916 εἰς
422 865 447 911 τὸ
463 864 592 924 ναδοίρσιον
610 868 750 927 χωρήσαντες
771 871 823 923 nup.
862 867 924 913 ἄλλοι
948 870 970 914 δὲ
991 867 1062 916 diluas

96 935 263 996 ἐνεδρουιίμενοι
279 936 307 983 od
323 938 443 994 προσίασιν
458 935 526 994 ἡμῖν,
550 949 599 989 ταῖς
613 940 658 982 των
674 936 804 994 κακούργων
820 935 935 994 δαιμόνων
957 939 1063 996 ἐνθνμη-
1097 972 1098 975 ¹

97 1007 335 1066 σεσινοίνιατοίμονσι,
351 1004 379 1057 οἷς
393 1003 440 1053 υτιὸ
455 1012 500 1065 μὲν
516 1010 560 1052 τῶν
576 1012 637 1054 θεῶν
653 1006 729 1054 αὐτῶν
744 1012 816 1054 ταυτα
827 1008 953 1067 ωοίσχοντες
967 1007 1002 1054 διαί
1020 1007 1088 1067 adulo

96 1078 152 1136 νιρὸς
168 1077 256 1128 αὐτούς
269 1076 387 1135 nlilitum,
403 1078 497 1128 θυσίαις
513 1078 535 1122 δὲ
551 1074 635 1128 αιίτοιίς
651 1077 795 1125 διαλλάσσειν
811 1075 947 1135 δυνάμενοι,
969 1079 1004 1123 ναί
1027 1077 1062 1124 ὅτι

96 1146 128 1208 μη
142 1147 183 1207 χρὴ
200 1144 286 1200 ου’τοιίς
298 1142 359 1205 ιἡμῖν
375 1149 505 1206 προσιέναι,
521 1143 578 1194 σίλλσί
593 1145 732 1194 τούναντίον
749 1144 841 1205 ’φειίγειν
857 1148 892 1202 ναί
907 1159 990 1203 μισεῖν.
1025 1151 1061 1194 ναί

96 1220 173 1279 ὀμώς5
193 1221 287 1276 μισουσι
308 1219 345 1263 uui
367 1213 475 1275 φεύγουσι
494 1214 548 1267 node
567 1220 658 1275 μαλλον
681 1216 819 1268 ε’λσσυντας6
841 1221 877 1264 ναί
896 1209 933 1262 ἐντ’
949 1215 1063 1278 εὐεργεσίᾳ

97 1287 181 1340 αὐτούς
196 1287 325 1340 διώκοντας.
453 1296 464 1314 ”

151 1361 202 1404 XIV.
233 1357 368 1408 Μισουντες
382 1351 424 1402 οὖν
444 1358 480 1402 noi
506 1357 628 1417 φαίνοντες
648 1357 710 1417 ἡμας
730 1358 899 1414 ἑνεδρειίσνται,
920 1353 959 1403 oda
980 1358 1088 1408 εἰδότεςυσ

96 1428 172 1476 πόθον
188 1429 266 1480 αὐτοῖς
282 1426 410 1474 τσίὲναντία
426 1430 454 1486 τη
469 1424 545 1473 αιίτων
561 1429 656 1487 σωτηρία
666 1438 756 1486 φρονεῖν
765 1429 864 1487 γίνεται·
883 1425 935 1473 οὔτε
943 1425 986 1485 peip
997 1425 1063 1485 ἡμεῖς
1115 1461 1116 1465 ,

96 1496 180 1551 ουτοιίς
193 1495 228 1556 μή
245 1500 401 1558 βουλομένους
415 1498 472 1555 πρὸς
488 1500 598 1556 σωτηρίαν
613 1501 691 1545 nedoni
711 1499 840 1556 βιάσασθαι
858 1498 992 1555 δυνάμεθα,
1014 1500 1062 1544 ἐπεί

95 1569 128 1628 μη
143 1570 257 1627 τοσαύτην
272 1572 316 1615 νυν
330 1565 378 1613 κατ’
394 1567 470 1614 αὐτῶν
485 1575 568 1629 ἔχομεν
582 1571 696 1623 ἐξουσίαν,
712 1568 766 1616 οὔτε
783 1567 848 1616 adnot
865 1565 902 1627 ἀφ’
919 1571 1005 1615 ἑαυτῶν
1021 1564 1063 1627 τήν

95 1637 166 1697 τοίην
182 1641 225 1686 τοῦ
240 1640 349 1697 δαίμονος
363 1638 494 1698 ἐνθύμησιν
509 1643 589 1697 νοῆσαι
606 1640 729 1697 δύνανται,
749 1640 776 1687 ου’
790 1638 835 1699 νοίρ
849 1645 926 1687 ’ἴσασιν
946 1640 1005 1686 ὅθεν
1021 1638 1063 1685 ου’-

96 1782 150 1838 qnod
167 1787 232 1824 autem
248 1782 268 1823 in
284 1774 408 1825 nutrimento
424 1795 515 1825 crassum
532 1787 573 1837 est,
595 1796 640 1824 cum
657 1795 747 1837 corpore
766 1783 844 1825 unitum
863 1787 885 1825 ut
900 1796 966 1841 grave
981 1783 1008 1824 illi
1024 1790 1087 1824 re-ao

95 1854 191 1907 linquitur
206 1865 315 1895 venenum.
346 1853 447 1902 Quocirca
463 1855 483 1895 in
499 1855 591 1897 omnihus
607 1855 662 1895 hona
672 1859 711 1895 est
725 1853 839 1908 frugalitas.

152 1925 201 1967 Xlll.
232 1923 271 1966 Alii
285 1937 336 1966 vero
346 1924 495 1966 malitiosorum
505 1924 627 1967 daemonum
640 1924 762 1965 insidiantur
778 1924 842 1966 aliter.
871 1925 991 1967 Nullalenus
1007 1928 1061 1966 enirn

95 1994 223 2037 manifestant
238 2007 271 2050 se,
294 2007 321 2036 ne
337 2001 408 2037 eontra
424 1996 474 2038 *illos
491 1996 612 2038 adhibeatur
635 1996 747 2050 diligentia,
771 2001 873 2050 oportune
893 2001 972 2050 autem,
995 2008 1060 2037 oooa-
1105 2024 1107 2026 ·

96 2067 154 2108 sione
173 2067 228 2122 irae,
244 2067 320 2108 amoris
336 2071 370 2107 aut
386 2067 468 2109 alterius
485 2068 596 2122 cujuspiam
613 2072 700 2120 repente
716 2078 753 2107 seu
770 2066 850 2122 gladio,
872 2079 909 2109 seu
924 2067 1007 2122 laqueo,
1024 2079 1060 2109 seu

96 2137 221 2191 praecipitio,
237 2149 275 2179 seu
291 2137 331 2178 alio
349 2137 438 2191 quodam
454 2137 598 2179 contumeliam
614 2137 705 2179 inferunt
720 2138 813 2192 corpori,
832 2142 853 2179 et
867 2138 887 2178 in
904 2137 944 2178 fine
960 2137 1060 2191 punitioni
1068 2145 1087 2177 aa

95 2207 204 2262 subjiciunt
219 2207 317 2262 deceptas
337 2208 362 2250 ab
384 2208 433 2261 ipsis
457 2220 527 2250 eorum
548 2209 636 2263 animas,
657 2207 779 2262 quibuscum
799 2207 859 2250 fuere
881 2208 985 2262 permisti,
1009 2208 1062 2249 siout

95 2277 191 2335 diximus,
207 2279 301 2321 abeundo
317 2279 337 2319 in
352 2280 421 2333 iguem
436 2280 577 2333 expiatorium.
607 2279 646 2321 Alii
662 2292 713 2322 vero
729 2279 824 2323 homines
840 2280 898 2321 aliter
912 2279 996 2321 insidias
1007 2279 1062 2333 passi

95 2360 136 2390 non
152 2348 252 2391 accedunt
268 2349 292 2391 ad
308 2338 354 2404 nos,
372 2349 452 2403 decepti
468 2350 605 2404 malignorum
622 2350 745 2392 daemonum
761 2350 941 2405 inspirationibus,
958 2356 1061 2404 tamquam

95 2430 111 2458 a,
121 2418 158 2461 diis
173 2421 221 2474 ipsis
237 2420 275 2461 ista
290 2425 376 2473 propter
392 2420 538 2474 negligentiam
555 2434 605 2477 erga
621 2434 658 2464 eos
674 2422 777 2476 patiantur
802 2423 883 2475 possint
902 2434 953 2462 vero
970 2433 1008 2474 per
1024 2433 1061 2462 sa-

95 2489 169 2532 orifioia
183 2491 204 2531 in
220 2491 306 2543 gratiam
323 2502 369 2531 cuin
384 2491 408 2533 iis
424 2491 504 2547 redire,
528 2493 626 2547 quodque
648 2505 689 2534 non
706 2492 795 2534 debeant
811 2493 871 2534 uoltis
889 2492 1001 2546 accedere,
1021 2492 1086 2538 sedto

94 2565 165 2602 contra
181 2561 255 2616 lugere
271 2573 295 2602 ao
311 2561 358 2603 odio
375 2563 480 2617 prosequi.
513 2562 589 2618 Sioque
606 2563 694 2606 oderunt
710 2575 733 2604 ao
749 2563 856 2617 refugiunt
871 2574 913 2618 eos,
930 2563 965 2616 qui
981 2562 1060 2604 illorum

94 2633 161 2684 potius
177 2630 309 2688 miserentur,
326 2635 403 2689 quique
418 2635 463 2677 illos
480 2634 505 2676 ad
523 2635 623 2677 beneficia
637 2636 780 2688 insequuntur.

151 2702 202 2754 XlV.
232 2703 284 2744 Dum
299 2704 361 2757 igitur
377 2716 414 2746 nos
430 2705 476 2746 odio
493 2705 569 2747 liabent
590 2710 609 2747 et
624 2699 714 2760 lugiunt,
738 2703 815 2745 insidiis
840 2707 972 2759 appetuntur,
994 2703 1059 2757 ignari

94 2773 148 2815 unde
163 2775 211 2829 ipsis
228 2775 345 2830 contingat,
361 2782 383 2818 ut
398 2778 502 2818 contraria
518 2777 577 2818 saluti
597 2789 646 2818 suae
662 2776 756 2818 sentiant.
795 2774 869 2829 Neque
892 2775 945 2816 euim
968 2785 1018 2827 nos,
1042 2773 1059 2814 si

93 2843 157 2885 nolint
173 2845 198 2886 ad
213 2845 299 2887 salutem
314 2847 458 2903 propendere,
484 2848 562 2901 cogere
582 2861 619 2890 eos
641 2859 763 2902 possumus,
788 2847 834 2900 quia
851 2851 927 2888 tantam
943 2856 997 2885 nuno
1017 2840 1085 2888 nouat

94 2910 193 2958 trahemus
208 2916 229 2957 iu
244 2916 300 2970 ipsos
316 2921 447 2974 potestatem,
470 2930 539 2972 neque
561 2918 599 2973 ipsi
615 2931 625 2959 a
641 2930 664 2959 se
679 2917 728 2971 ipsis
746 2930 830 2970 pravam
846 2917 951 2960 daemonis
967 2914 1059 2967 inspira-

125 3081 142 3116 l.
172 3079 207 3118 Pro
223 3075 283 3121 tus
304 3080 342 3130 legi
360 3084 398 3121 vult
422 3078 482 3128 ὅλως.
519 3084 562 3120 Tum
616 3084 634 3119 3.
666 3081 791 3122 aequantem
807 3083 829 3130 G,
846 3081 967 3121 madidatione
984 3084 1002 3120 S.

94 3133 161 3175 inserui
184 3134 231 3178 εἰσίν
253 3153 269 3179 o.
286 3141 306 3179 0.
343 3142 412 3180 Deinde
433 3138 444 3194 i}
464 3143 561 3180 delendum
616 3143 636 3177 4.
667 3136 805 3193 ἠπατημένους
822 3141 842 3178 0,

93 3194 177 3243 puluis,
617 3201 635 3237 5.
665 3194 1058 3254 nummatameonj.,dpmgCO.

123 3258 142 3292 2.
172 3250 344 3311 iiraQiimS.
616 3262 634 3296 6.
665 3256 799 3304 tta-mauge.
