2276 3612
553 239 594 285 187
919 237 965 287 viu,
983 241 1001 278 o.
1019 239 1053 276 ro.

93 358 135 407 οὐκ
151 354 251 404 σ’ίλλσθεν
267 354 403 418 οίρχόμενος,
423 353 436 414 ἢ
452 351 492 401 οἶμ’
507 354 578 413 αὐτῆς
593 358 632 414 της
651 354 708 403 nnec}
729 353 842 413 πρόνοιαν
863 350 903 399 ὑπ’
925 348 998 398 αὐτοῦ
1017 349 1054 397 εό-

93 431 172 486 καίρως
186 426 360 486 ιλποβληθείοης
376 425 518 484 προφοίσεως·
540 431 578 470 ἵνα
593 430 696 486 γνωσθῇ,
719 426 747 477 οίς
762 423 859 485 εὐλόγως
875 427 896 469 οἱ
912 423 993 469 πολλοί
1008 419 1053 468 όπό

94 499 181 546 πολλῶν
199 496 313 555 ιλαιμόνων
329 498 497 554 σννεσχέθησαν
513 497 548 540 καί
563 490 610 540 ιίπό
626 492 751 542 ἀλλοκότων
767 498 849 543 παθών
865 488 1053 552 κατελήφθησαν,
1087 497 1089 499 ’

93 566 152 618 ὅπως
167 569 203 614 καί
219 572 244 613 ἒν
259 565 331 624 τοότφ
347 562 372 610 τό
387 568 428 611 τοι]
446 564 506 611 Θεοό
520 566 607 610 ιλίκαιον
624 567 691 624 φανῇ.
730 568 765 612 καί
782 571 802 612 οἱ
822 562 849 612 dc’
870 563 969 623 οίγνοιαν
991 582 1054 621 μεμ-

93 637 188 695 φόμενοι
204 636 287 690 αὐτόν,
309 634 367 682 κοίν1
383 637 427 681 νύν
442 632 560 692 μαθόντες
575 632 603 683 οἷς
619 635 651 678 d'et
667 647 768 692 φρονεῖν,
789 633 815 680 ‹b'
832 635 947 693 εὐφημίας
970 652 994 678 τε
1016 634 1067 678 atta

93 705 252 758 cineraceam
274 707 384 763 προτέρου
409 705 548 763 ἐγκλήματος
570 701 666 753 concode
688 701 892 760 dcateldoeceest,
911 706 990 751 αἰτίαν
1012 707 1054 750 τοι]

92 780 162 822 κακον]
177 776 327 834 τολμήματος
343 770 384 829 την
401 775 497 833 όφνοιαν
512 779 543 824 εἰς
558 772 601 830 την
616 772 750 833 συνγνώμην
765 777 913 834 προθέμενοι.

149 847 174 891 Χ,
200 843 265 907 Ἔχει
280 847 303 891 (λέ
319 843 396 896 οὕτως.
427 848 467 891 τοι)
482 842 556 902 μόνον
572 844 665 904 οίηαθσῠ
681 845 741 890 Θεοιλ
762 843 789 890 τοί
812 846 889 892 πόντοι
914 848 985 898 καλῶς
1009 866 1051 893 πε-

93 915 213 975 ποιηκότος
228 917 263 961 καί
279 915 461 972 παραιλεθωκότος
484 918 513 972 τιό
534 915 581 962 κατ’
598 912 674 963 εἰκόνα
690 914 764 962 adeat
779 918 910 978 pecopte'nqr5
928 915 1051 977 οίνθροίπφ,

92 986 103 1033 ό
118 985 214 1047 γεγονός
230 988 269 1044 τῆς
285 989 327 1032 τού
341 985 491 1044 πεποιηκότος
506 982 576 1032 αὐτόν
592 987 665 1033 πνέων
681 984 811 1043 θειότητος,
826 982 915 1045 οίληθης
931 983 1076 1046 προφήτηςίο

92 1059 121 1104 alc
136 1058 173 1102 καί
188 1052 249 1107 attale
264 1054 292 1103 τοί
306 1055 360 1109 όλα,
375 1059 407 1106 εἰς
421 1053 492 1114 τιμην
507 1057 548 1102 τού
563 1055 640 1103 πάντα
657 1055 718 1116 αὐτῷ
733 1056 890 1113 δωρησαμένου
909 1054 994 1114 πατρὸς
1013 1059 1050 1103 καί

92 1133 122 1178 εἰς
137 1128 249 1185 σωτηρίαν
264 1128 308 1172 τῶν
323 1132 345 1180 ἐξ
360 1125 432 1174 αὐτοῦ
446 1129 575 1185 γενομένων
590 1129 656 1181 etto,
676 1125 704 1180 «λς
725 1122 800 1184 πατὴρ
814 1122 907 1184 ννήσιος
922 1124 978 1183 πρός
997 1125 1051 1177 τούς

91 1195 129 1244 ὑπ’
146 1198 219 1243 αὐτοῦ
239 1199 376 1256 γενομένους
398 1199 481 1248 παῖδας
503 1194 623 1253 οίποσόζων
641 1197 666 1242 τί
688 1193 783 1249 εόνονν,
803 1194 946 1253 βουλόμενος
966 1193 1051 1246 accole

92 1268 147 1326 πρὸς
162 1266 188 1314 τό
203 1269 319 1324 ονμφέρον
335 1265 411 1317 αὐτοῖς
428 1270 501 1323 φιλεῖν
518 1262 577 1313 Θεόν
593 1270 628 1313 κοί
645 1268 758 1325 φιλεῖσθαι
774 1262 814 1311 ὑπ’
831 1265 915 1318 αὐτού,
937 1264 979 1323 την
995 1268 1050 1324 πρὸς

92 1340 170 1394 φιλίαν
184 1336 256 1385 αὐτοῦ
273 1337 372 1395 ι’ίγονσαν
388 1338 492 1395 ἐξέφηνεν
508 1335 573 1390 ὁδόν,
596 1332 685 1390 baldeae
705 1338 781 1386 ποίαις
797 1333 924 1392 ἀνθρώπων
943 1336 1075 1395 πρόξεσιν15

92 1407 103 1453 ό
117 1405 189 1465 μόνος
203 1408 241 1452 καί
256 1406 349 1452 ποίντων
364 1405 473 1464 δεσπότης
490 1404 545 1456 Θεὸς
561 1403 720 1464 εὐφραίνεται,
743 1408 779 1450 καί
796 1403 823 1450 τό
844 1407 918 1466 enatae
939 1408 1051 1454 ιλοκούντα

91 1477 188 1536 ἐκφήνας
203 1476 277 1534 νόμον
293 1472 385 1522 αἰώνιον
399 1475 462 1534 ὥρισε
478 1477 541 1527 τοῑςλ
556 1474 625 1531 ὅλοις,
640 1473 697 1534 μηθ’
712 1473 759 1521 end
772 1476 902 1534 πολεμίων5
917 1480 1052 1535 ἐμπρησθῆ-

91 1568 129 1595 ναι
144 1547 287 1605 ιλννοίμενον,
301 1544 360 1604 μηθ’
377 1543 424 1592 ω’πό
439 1545 537 1606 οίσεβοῦς
552 1545 614 1600 τινός
629 1544 847 1603 όπονοθενόμενον,
866 1547 926 1603 μήτε
942 1550 976 1593 ἑνί
991 1545 1052 1601 τόπφ

91 1617 308 1676 ιίποκεκρομμένον,
324 1615 380 1663 ditet
396 1619 466 1663 πόσιν
482 1614 660 1676 ἀναγνωσθῆναι
679 1616 815 1671 ιλννιίμενον.
855 1612 885 1673 ἦν
910 1613 953 1664 οὖν
976 1618 1053 1668 αὐτοῖς

91 1696 113 1737 ἐκ
128 1692 167 1749 της
182 1689 319 1749 πειθαρχίας
335 1691 376 1733 τοῦ
393 1690 465 1748 νόμον
486 1689 563 1736 ποίντα
583 1689 690 1748 ἄφθονα,
713 1684 740 1734 κοί
762 1691 806 1732 των
826 1690 918 1746 καρπῶν
938 1685 1077 1742 κόλλιοτα,κο

91 1830 223 1885 providenter
238 1832 306 1880 abeo
322 1837 436 1886 opportune
450 1833 542 1888 subjecta
556 1831 594 1874 iub
610 1833 706 1887 occasio,
726 1838 748 1874 ut
764 1836 905 1887 cognoscatur
921 1831 978 1886 quod
993 1837 1051 1874 reeta

91 1903 171 1945 ratione
186 1903 302 1955 complures
317 1916 329 1944 a
344 1904 411 1945 multis
426 1903 560 1946 daemonibus
576 1904 655 1946 obsessi
671 1909 717 1945 sunt
733 1908 752 1944 et
767 1904 875 1945 adiversis
892 1902 1050 1957 difficilibusque

91 1973 167 2014 morbis
183 1972 338 2028 comprehensi,
360 1979 382 2015 ut
404 1986 442 2027 per
463 1974 503 2015 hoc
520 1986 602 2028 quoque
617 1979 714 2028 appareat
734 1974 812 2029 justine
828 1973 873 2016 Dei.
910 1974 935 2016 Et
957 1975 992 2028 equi
1012 1986 1050 2028 per

90 2044 225 2099 ignorantiam
244 2044 299 2085 illum
314 2049 447 2098 accusarunt,
463 2045 479 2086 si
495 2056 556 2100 nrrnc,
574 2045 677 2086 discentes
693 2045 741 2098 quid
757 2043 887 2087 sentiendum
901 2044 935 2099 sit,
955 2057 992 2098 per
1007 2045 1049 2086 bo-

91 2127 136 2156 nam
150 2114 322 2169 praedicationem
339 2120 359 2156 et
374 2115 429 2157 bona
445 2127 508 2169 opera
524 2128 535 2156 a
550 2115 614 2169 priori
631 2116 714 2156 crimine
730 2128 753 2158 se
768 2120 879 2171 revocent,
904 2127 986 2158 oarrsam
1003 2115 1074 2159 malias

90 2184 187 2228 laeiuoris
203 2186 342 2241 ignorantiae,
358 2191 379 2227 ut
395 2186 475 2227 veniam
492 2192 655 2241 consequantur,
672 2187 819 2228 adscribentes.

145 2256 170 2298 X.
200 2257 292 2299 ltavero
308 2257 374 2299 habet
405 2256 455 2298 Cum
470 2257 537 2313 Deus,
553 2259 588 2311 qui
603 2257 659 2300 solus
675 2258 742 2300 honus
759 2263 798 2312 est,
816 2262 889 2298 crrrrcta
906 2256 960 2297 bene
976 2268 1049 2298 creas-

89 2333 121 2369 set
136 2340 160 2369 ac
174 2327 251 2369 homini
267 2327 292 2368 nd
306 2327 415 2381 imaginem
431 2338 487 2368 suam
503 2326 556 2369 laeto
572 2326 698 2383 tradidisset,
718 2329 735 2369 is
751 2327 813 2369 homo
830 2327 944 2369 conditoris
959 2327 990 2369 sui
1006 2328 1050 2381 spi-

89 2410 136 2441 rans
152 2397 286 2453 divinitatem,
303 2410 348 2438 eum
365 2404 420 2441 esset
435 2410 497 2448 uerus
513 2397 615 2451 Propheta
631 2403 651 2439 et
661 2399 763 2441 universa
779 2403 928 2454 cognosceret,
944 2399 964 2438 iu
980 2398 1051 2440 hono-

89 2479 132 2509 rem
147 2469 210 2521 patris
227 2469 261 2521 [qui
277 2469 344 2509 omnia
359 2468 386 2509 illi
402 2473 545 2522 concesserat,
567 2474 587 2509 et
603 2468 628 2510 ob
645 2468 730 2510 salutern
745 2481 772 2510 ex
786 2482 809 2511 se
824 2469 940 2511 futurorum
956 2469 1075 2524 liliorumque

88 2543 191 2593 tamquam
205 2550 316 2593 germanus
331 2544 389 2592 pater
404 2539 568 2581 benevolentiam
584 2551 634 2593 erga
653 2552 665 2580 a
683 2551 706 2581 se
720 2540 844 2593 *gignendos
866 2541 944 2583 liberos
960 2552 1050 2582 conser-

90 2622 149 2666 vans,
173 2621 225 2664 quos
241 2615 326 2662 cuperet
341 2609 366 2651 ad
383 2623 454 2652 eorum
470 2610 576 2652 utilitatem
595 2609 680 2663 diligere
695 2608 761 2651 Deum
782 2617 803 2653 et
826 2624 837 2653 a
856 2612 901 2654 Deo
923 2612 990 2666 diligi,
1012 2612 1050 2652 iter

90 2681 145 2733 quod
161 2681 186 2723 ad
201 2681 252 2722 illius
269 2681 354 2723 duceret
369 2682 474 2734 amicitiam
490 2681 648 2734 demonstravit,
671 2680 782 2736 docuitque
808 2683 929 2737 quibusnam
945 2683 1048 2725 hominurn

90 2753 203 2796 actionibus
219 2753 275 2794 solus
292 2754 423 2808 omniumque
438 2754 536 2796 Dominus
545 2755 601 2796 Deus
618 2753 739 2795 delectetur:
755 2759 775 2795 ct
791 2755 886 2810 ostensis,
902 2753 990 2808 eparacilli
1002 2752 1047 2806 pla-

88 2830 170 2878 cerent,
185 2824 253 2878 legem
269 2828 373 2865 aeternam
389 2827 467 2867 eunetis
482 2826 558 2876 sanxit,
581 2837 634 2879 quae
649 2836 688 2866 nec
703 2825 728 2866 ab
744 2824 837 2867 hostibus
859 2825 952 2867 consumi
971 2828 1074 2877 posseque

89 2905 128 2935 nec
143 2894 168 2935 ab
184 2894 225 2936 ullo
241 2895 301 2948 impio
317 2895 459 2949 interpolanda
475 2901 541 2952 esset,
564 2907 603 2937 nec
624 2905 665 2936 urto
689 2895 710 2935 in
725 2895 772 2938 loeo
790 2896 962 2948 absconderetur,
983 2893 1020 2935 scd
1038 2906 1048 2934 a

88 2965 166 3007 cunctis
181 2971 252 3019 posset
265 2965 312 3020 legi.
343 2965 407 3009 Erant
424 2979 475 3022 ergo
491 2966 541 3022 illis,
557 2978 583 3008 ex
598 2964 714 3007 obedientia
729 2966 793 3024 legis,
810 2973 883 3008 cuncta
899 2963 983 3019 affatim,
1000 2964 1047 3005 hu-

119 3064 138 3100 1.
168 3056 235 3099 tato.
580 3061 646 3109 rtet)
663 3066 682 3099 et
697 3063 716 3101 s.

118 3124 137 3158 2.
167 3115 325 3160 ολνακαλέσονσαι
341 3120 360 3158 G.
607 3120 626 3166 5,
656 3117 704 3171 μήτε
720 3120 811 3173 πολέμων
828 3120 849 3167 O,
867 3113 915 3171 μήθ’
933 3115 973 3160 ὑπό
990 3122 1048 3162 πολε-

119 3181 137 3216 3.
168 3178 268 3230 γενωμίνφ
284 3179 304 3217 0.
577 3174 626 3229 μίαν
647 3180 673 3227 D,
697 3178 745 3233 μήτε
766 3176 868 3231 πολεμίοις
891 3180 941 3228 conj.
958 3182 976 3229 S,
999 3178 1047 3236 μήτε

118 3240 137 3276 4.
167 3239 209 3282 τοῖς
230 3238 298 3277 excidit
317 3250 345 3288 ap.
368 3238 393 3277 Ch
417 3239 474 3288 (Edd,
493 3240 553 3278 1698,
578 3233 658 3287 πολέμῳ
674 3239 696 3278 0.
