2276 3612
548 231 590 275 219
920 227 942 278 n,
960 214 1051 267 ισ-ιτ,

143 346 168 389 X.
198 339 279 389 Αὐτου
300 343 343 403 χοίρ
368 342 444 402 μόνου
465 345 524 390 ἐστίν
546 344 561 401 ἦ
584 349 675 404 ε’·’ντιμος
699 343 752 401 diga
774 343 817 389 τοὺ
836 339 912 399 μόνον
932 337 1052 397 οίχενήτου,

88 416 141 466 ὅτε1
163 410 191 459 τοί
207 414 276 461 λοιποί
293 414 369 462 πάντα
384 410 469 473 γενητοὶ
490 413 602 496 τυχχοίνει.
638 416 666 485 ρίς
683 434 726 464 συν
747 417 790 463 τοι]
811 408 925 472 dyeodcco
945 409 1004 455 2¹va
1026 405 1051 455 τὸ

90 486 146 538 Θεὸς
162 486 231 538 εἶναι,
246 483 316 535 οὕτως
331 487 379 530 ποῖν
396 481 474 530 ὁτιουν
488 482 615 542 γενόμενον
636 487 690 538 θεὸς
712 489 741 533 τώ
763 487 813 533 ὄντι
836 481 877 531 ουίι
897 486 967 529 ἔστιν
1008 480 1052 539 πρὸ

88 556 181 604 πάντων
195 552 239 602 οὖν
254 557 395 612 έννοιχθῆναι
411 549 512 612 ὀφείλετε
533 550 575 612 τήν
596 558 636 600 του
655 561 678 602 έν
693 555 750 614 ὑμῖν
773 556 909 605 ἀπατῶντος
925 550 1004 620 ὄφεως
1011 570 1052 598 αα-

88 629 183 685 υουρχυν
198 626 315 678 ἐπίνοιαν,
329 621 354 674 ὃς
370 625 485 682 φρονίμως
499 622 561 680 ὑμεῖς
577 620 653 682 decep
665 621 781 686 τλποσχέσει
791 626 919 683 κρείττονος
929 595 1065 680 inpropriae

87 706 160 756 ε”ρπων
175 691 276 753 υμῶνέιι
291 695 334 740 τοῦ
349 693 473 753 έχυεφσίλου
488 698 520 745 εἰς
540 691 580 740 τὸν
595 705 701 741 νυιτιαῖον
722 693 806 755 μυελὸν
830 697 867 742 nul
891 695 952 753 μέγα
975 692 1050 751 νέριλοε

88 764 217 827 ἦχσιίμενος
232 760 275 821 τήν
290 760 405 823 ὑμετέραν
421 765 522 824 οἷποίτιχν.

143 835 177 879 XI.
207 833 296 884 Εἰλοίς2
310 832 353 893 χείρ
368 834 408 882 τὸν
423 834 526 897 σίπαρχῆς
542 834 630 895 νόμον,
645 833 680 883 ὅτι
695 834 734 883 εὀίν
746 833 850 895 τίμελςείς
861 834 975 883 ὑπόνοιαν
988 835 1051 881 τοίνό

88 907 170 966 δήποτε
185 907 313 964 λεγομένοιν
328 906 390 952 θεῶν
404 906 495 966 ε’νέχιιχ,
515 904 590 965 μόνον
607 911 648 953 ἵνα·
668 910 701 959 εἰς
716 903 741 953 τὸ
763 906 803 961 τῆς
817 906 943 965 μοναρχίας
958 901 1050 963 οίχαθὸν

87 977 227 1036 α’μσίρτιχτεέ,
242 977 317 1035 τέρέος
333 977 394 1036 αὐτῷ
408 977 496 1035 γίνεται
511 975 526 1035 ἦ
541 973 607 1033 opido
622 973 773 1035 καταστροφή.
810 971 866 1033 λόγῳ
888 977 912 1021 dt
927 974 998 1030 τούτῳ
1013 975 1076 1021 derio

86 1050 130 1108 χήν
143 1045 210 1104 ἤσθιε
225 1047 413 1103 καταδικασθείς,
428 1043 469 1094 τὸν
484 1047 511 1094 δι’
526 1044 643 1106 ἁμαρτίαν
659 1051 691 1100 εἰς
705 1050 749 1107 χήν
765 1047 876 1103 λυθέντα,
894 1046 938 1104 χήν
952 1046 1050 1104 χενόμε-

87 1137 141 1174 νον,
157 1118 243 1165 ἐσθίειν
258 1118 302 1178 έχει
321 1118 435 1171 ἐξουσίαν,
455 1119 500 1165 τῶν
521 1120 599 1180 ψυχῶν
618 1115 684 1176 ν’μυλν
705 1122 737 1169 εἰς
756 1114 799 1176 τήν
822 1118 863 1163 σου
885 1116 955 1172 πυρὸς
977 1111 1050 1161 ου’τού

88 1189 183 1248 χαστέρα
198 1189 320 1248 χωρουσῶν.
351 1192 389 1234 ἵνα
405 1182 447 1235 οὖν
463 1189 535 1234 ταυτα
551 1184 657 1246 ποίθητε,
677 1190 754 1235 ποῖσαν
777 1185 820 1246 τήν
834 1182 887 1233 καθ’
907 1184 973 1243 opido
993 1183 1050 1244 τίμῑν

87 1256 216 1316 ὑποβάλλει
231 1260 312 1315 οἴησιν.

145 1328 188 1372 XII.
216 1324 287 1374 Ἀπ’5
303 1323 376 1375 οὗτοι]
389 1325 433 1387 χείρ
449 1327 522 1374 παίσαι
537 1332 561 1373 αἱ
576 1324 634 1374 τατσί
650 1329 692 1384 τῆς
705 1327 833 1388 μοναρχίας
848 1325 963 1385 decipiat
979 1329 1009 1388 τῷ
1019 1329 1050 1387 νῷ
1056 1336 1076 1372 15

86 1399 153 1456 είμσίν
168 1399 205 1444 έπί
220 1396 299 1458 βλάβῃ
314 1398 471 1457 ένσπείρονται
486 1397 621 1456 είπολήψεις.
651 1400 741 1457 πρῶτον
756 1402 801 1456 μέν
817 1403 855 1444 ἵνα
869 1395 903 1454 μή
918 1395 991 1448 τοτίς6
1010 1401 1051 1457 τῆς

87 1469 220 1527 θεοσεβείας
235 1465 372 1520 σίαοιίσαντες
387 1467 525 1527 λόχουςτήν
542 1470 586 1514 enin
606 1471 679 1514 παιών
700 1470 777 1516 αἰτιάν
798 1467 927 1527 decisiones
946 1467 1051 1527 ι’ίχνοιαν,

144 1613 169 1656 Χ.
198 1612 231 1655 Ad
245 1612 311 1668 Ipsum
327 1612 381 1654 enim
396 1612 463 1655 solum
478 1612 567 1667 pertinet
583 1612 657 1655 eximia
672 1612 748 1668 gloria,
765 1613 800 1667 qui
819 1611 876 1655 solus
892 1611 996 1657 increatus
1013 1618 1050 1670 est,

88 1684 184 1740 qrroniam
197 1684 277 1738 reliqua
294 1684 361 1726 omnia
377 1689 487 1726 creaturae
503 1689 555 1727 sunt.
586 1683 641 1727 Siout
651 1683 798 1743 ergolncreati
808 1683 914 1737 proprium
930 1689 966 1740 est,
982 1685 1048 1728 Deum

88 1768 145 1811 esse,
160 1755 187 1797 ita
204 1754 301 1809 quidquid
317 1759 407 1797 creatum
423 1760 464 1811 est,
480 1754 531 1798 deus
547 1767 598 1796 vere
613 1766 655 1796 non
671 1760 708 1797 est.
744 1752 798 1796 Ante
814 1753 882 1797 omnia
903 1765 956 1808 ergo
971 1756 1075 1803 intelli-20

88 1838 140 1881 gere
153 1826 233 1868 dehetis
248 1826 358 1881 malignum
372 1838 411 1870 vos
426 1827 481 1869 intus
498 1826 618 1881 decipientis
634 1825 739 1869 daemonis
755 1830 907 1878 commentum,
928 1827 963 1880 qui
984 1827 1050 1880 perite

88 1898 167 1941 seducit
182 1909 221 1940 vos
235 1897 372 1951 promissione
387 1898 461 1939 mentis
477 1897 579 1953 melonis,
599 1897 705 1951 serpitque
726 1909 737 1938 e
753 1896 841 1938 cerebro
863 1901 935 1940 uestro
958 1897 978 1938 in
995 1898 1050 1941 dorsi

88 1969 204 2025 medullam,
220 1973 240 2010 et
252 1968 331 2010 lucrum
346 1980 443 2023 magnum
459 1973 563 2022 computat
578 1967 722 2022 deceptionem
736 1973 834 2011 vestram.

145 2039 178 2082 XI.
205 2039 250 2096 *seit
271 2039 323 2081 onim
343 2040 429 2093 primam
449 2039 528 2094 legem,
549 2039 618 2094 quod,
639 2040 656 2082 si
675 2052 713 2082 vos
734 2039 755 2080 in
778 2039 896 2092 opinionem
918 2037 1050 2093 vulgatorum

89 2110 175 2153 deorum
189 2109 284 2165 inducat,
307 2109 448 2165 solummodo,
471 2114 493 2151 ut
508 2114 580 2152 contra
595 2109 726 2152 monarchiae
749 2110 826 2152 honum
846 2109 950 2164 peccetis,
971 2110 1076 2154 lucrumau

87 2183 126 2237 ipsi
138 2182 172 2224 fiat
186 2185 255 2223 vestra
271 2180 387 2224 subversio.
417 2180 461 2222 Hac
476 2193 527 2223 vero
542 2182 637 2237 ratione,
658 2182 713 2236 qnod
729 2188 805 2225 terram
822 2181 886 2224 edere
901 2182 1050 2227 condemnatus

89 2253 159 2308 luerit,
176 2262 223 2293 eum
239 2252 273 2306 qui
286 2253 365 2305 peccati
380 2264 443 2294 causa
458 2252 479 2293 in
494 2257 570 2294 terram
585 2252 689 2296 resolutus
704 2258 749 2308 est,
773 2258 849 2295 ternam
865 2253 941 2295 iactum
956 2259 1050 2308 potesta-

88 2329 129 2366 tem
144 2323 206 2365 hahet
220 2322 365 2380 manducandi,
381 2323 486 2366 animabus
501 2324 575 2367 vestris
596 2324 616 2365 in
636 2324 719 2378 igneum
734 2324 786 2366 illius
809 2329 902 2367 ventrem
922 2325 1051 2370 abeuntibus,

88 2395 113 2437 Ut
128 2407 180 2449 ergo
191 2395 229 2437 ista
245 2396 398 2451 perpetiamini‚
414 2408 495 2438 omnem
510 2397 569 2439 vohis
585 2396 707 2438 contrariam
722 2397 817 2451 suggerit
833 2397 958 2451 opinionem.

145 2465 187 2509 Xll.
216 2464 248 2507 Ab
264 2466 309 2521 ipso
326 2468 379 2508 enim
395 2472 491 2523 cunctae,
509 2480 563 2522 quae
579 2472 650 2509 contra
665 2466 704 2509 Dei
725 2467 866 2510 monarchiam
881 2473 938 2524 sunt,
963 2473 1075 2514 senten-eo

89 2536 129 2579 tiae
143 2536 226 2578 fallaces
241 2537 359 2590 permolese
372 2539 492 2582 inseruntur
507 2539 570 2582 menti
590 2542 679 2581 vestrae.
715 2538 782 2581 PrImo
806 2538 900 2595 quidem,
924 2551 951 2581 ne
971 2538 1051 2592 pietatis

89 2608 153 2650 verba
169 2608 276 2651 audIentes
299 2609 399 2652 inalorum
427 2622 510 2653 causam
537 2610 673 2666 ignorantiam
696 2610 813 2667 expellatis,
835 2610 919 2654 insidias
942 2615 1050 2665 praetentu

120 2776 137 2812 1.
168 2768 199 2812 ὅτι
215 2772 237 2814 (l.
608 2776 628 2812 4,
657 2772 682 2809 lta
698 2772 711 2809 C
727 2772 744 2810 in
760 2784 830 2822 marg„
854 2769 934 2827 ἁμέραι]
954 2774 972 2811 in
992 2777 1049 2823 tenth,

118 2837 138 2871 2.
167 2830 282 2880 Porticipium
296 2826 353 2876 clodo
374 2837 425 2871 arcte
441 2837 555 2870 ocnnneoten-
580 2836 599 2869 ut
615 2832 636 2869 0.
666 2832 709 2868 Tum
724 2829 801 2883 χίνρται
817 2833 831 2870 C
847 2832 867 2871 0.

90 2892 131 2929 darm
147 2897 175 2930 est
191 2890 366 2930 cumenunciatione
376 2891 499 2939 antecedenti
515 2903 555 2929 eum
610 2892 628 2928 5.
655 2885 697 2928 Ἀπ’
715 2902 738 2928 en
754 2892 834 2939 conjeci.
851 2891 881 2941 ui,
897 2892 949 2929 deest
963 2890 981 2928 in
996 2897 1049 2930 utro-

90 2962 124 2998 (με
146 2950 264 3000 grammatice
286 2951 379 2989 cohaeret
402 2953 421 2990 S.
459 2947 530 2988 Tum'
520 2946 553 2989 urz’
581 2961 615 2997 que
631 2949 683 2987 llorn⁴
701 2950 747 2988 Cod.

89 3005 151 3061 ἀρχῆς
141 3009 188 3054 ς.0
218 3010 267 3047 ldem
283 3021 346 3058 praep.
362 3007 389 3055 εἰς
404 3011 431 3048 his
448 3010 527 3049 exhibet.
611 3011 628 3045 6.
660 3008 729 3074 Scripsi
756 3004 787 3048 λνα
805 3005 847 3075 μὴ
859 3003 906 3051 τοίς
929 3008 976 3046 duce
1001 3009 1049 3048 libro

119 3071 138 3106 3.
167 3066 245 3117 poids,
261 3060 355 3107 daco.
385 3064 554 3121 Τυυιέιέχυχμό
582 3066 656 3113 urion„
678 3080 696 3104 rn
713 3079 749 3117 quo
765 3060 847 3105 hahes
839 3081 869 3104 ιια
887 3079 934 3109 τους
954 3063 980 3119 μί]
998 3069 1049 3116 ml,

89 3140 134 3173 νον,
151 3119 182 3164 ἵνα
197 3127 219 3175 S,
235 3127 304 3176 qnod'
299 3139 317 3164 m
332 3127 407 3167 Annuit
425 3142 450 3169 cr.
465 3126 557 3168 emendari
582 3118 612 3162 ἱνα
628 3117 674 3169 node
690 3127 709 3163 C
749 3126 783 3171 Qui
803 3137 871 3174 curnp
864 3139 889 3175 pp
910 3083 980 3165 deesseI
998 3134 1050 3166 recte

89 3185 127 3222 vtnl
120 3184 163 3222 tin
188 3181 266 3238 ένέχκρ,
292 3183 354 3237 μόνον
374 3181 413 3227 ἵνα.
457 3187 537 3236 Atqui
532 3192 556 3225 ita
581 3184 693 3234 monuisset
713 3196 750 3223 non
772 3188 881 3231 expectares
902 3184 946 3226 lect.
961 3182 987 3239 μὴ
1003 3183 1050 3232 τοὺς

90 3245 126 3293 jam
142 3242 237 3284 ediderunt
252 3246 266 3285 C
282 3250 300 3284 et
315 3244 341 3283 CI.
580 3243 598 3280 in
615 3243 658 3281 edit.
673 3245 760 3293 Schweg.
777 3243 887 3291 evulgatum.
