2276 3612
529 248 571 292 aaa
877 223 879 228 ’
896 247 934 298 xo,
949 252 983 287 20.
1000 249 1034 287 m.

32 368 34 370 ’
71 364 166 416 κε’κυυν,
182 365 220 406 ἵνα
235 360 268 419 μή
284 364 342 422 κακῷ
356 360 419 421 μόρῳ
434 361 568 425 τελευτήση,
590 366 626 411 καλ
643 362 686 411 σήν
708 360 786 413 αὐτοῖς
806 360 894 423 ἐκβᾶσα
911 360 952 421 οὐχ
973 359 1034 418 eripi-

71 451 154 482 onerat·
184 430 196 476 ὁ
212 431 235 477 dd
251 429 335 490 ταύτης
347 424 396 490 Ιμὲν
411 428 480 491 οἷνήρ,
494 430 567 480 custod]
583 435 606 480 ut
622 433 703 494 πατήρ,
719 436 753 480 καλ
770 431 838 482 ου’τές
855 434 888 484 εἰς
904 426 1035 488 ἐπιζήτησιν

69 498 139 558 αὐτής
155 499 240 559 ἐκβοής1
256 499 295 563 οὐχ
310 500 445 559 εὑρίσκεται.
480 536 484 544 .
506 518 508 520 ’

126 572 179 616 ΧΧΙ.
213 574 293 618 Tunica
309 573 457 630 couch'cpoc
472 572 577 625 εἰπόντος
592 572 732 632 ἐπιστήσαοα
748 571 775 624 aig
791 572 832 621 o‘rc’
840 569 965 629 ἐκπλήξεως
977 568 1034 617 uind-

69 649 139 702 ηυξικ
153 639 167 700 ή
182 643 249 700 μονή.
278 641 330 687 ride
346 642 433 698 Πέκρος
447 639 579 699 προσελθών
596 646 631 690 καὶ
647 640 743 704 ἐπισχών
762 644 843 701 νήφειν
864 642 937 701 αὐτήν
961 650 1050 700 παρτ-5

68 710 200 765 κελεήοατο,
216 709 335 771 ὁμολογεῖν
351 709 424 770 αὐτήν
440 714 529 759 πείθων
545 715 568 759 τί
581 716 637 760 ποτέ
652 720 713 760 ἐστιν
729 711 740 758 ὃ
757 712 843 775 πάσχει.
881 711 895 773 ή
913 716 937 760 ut
956 711 1033 769 ὥσπερ

69 790 90 830 ἐκ
105 784 181 840 μέθης
197 780 222 828 τὸ
239 778 319 829 λοιπὸν
335 785 376 841 τοῦ
392 782 495 841 σώματος
511 782 803 842 παρεθεῑσοκλπὲστρεψενῖ
818 785 911 843 ἑαυτήν)
926 783 1033 839 ancora}-

69 874 106 902 ναι
122 853 264 910 δυνηθεῖσαὅ
278 851 304 898 τὸ
319 856 418 913 μέηεθσς
433 856 473 913 της
488 857 635 914 ἐλπιζομένης
651 857 733 915 χοροῖς,
749 856 785 899 καλ
801 857 901 913 τρίψασα
917 853 989 913 νήτης
1005 851 1031 899 cn*

69 923 201 982 πρόσωπον
225 925 271 970 που
286 928 359 980 ἐστιν,
380 929 435 982 ἔφη,
458 919 524 975 οὗτος
540 922 552 969 ὅ
568 927 673 978 νεανίαςς
697 921 747 971 6θέ
762 923 805 982 ήδη
826 922 879 970 ὅλον
894 920 1031 971 ceordaic-to

69 996 163 1051 πρᾶγμα
179 999 232 1052 ἔφη·
249 996 299 1040 εἰπέ
314 1014 354 1052 μοι
371 995 397 1042 ου’
415 997 517 1056 πρῶτον,
539 993 609 1047 σ’λλλυς
624 992 667 1055 peip
684 997 768 1041 τοῦτον
784 995 840 1040 ἰιλεῖν
859 990 899 1040 ov'n
915 999 978 1054 ἔχεις.
1015 991 1060 1051 qia

69 1067 91 1110 ιλὲ
107 1063 264 1111 οπεύιλουσαθ·
285 1063 336 1122 e'poi,
352 1068 432 1123 (μησίν,
447 1069 493 1124 εἰμὶ
507 1063 522 1122 ή
538 1067 579 1111 τοὺ
596 1067 717 1113 νεανίσκου
731 1063 815 1122 μήτηρ.
853 1065 888 1109 καλ
911 1061 922 1108 ὁ
942 1065 1031 1122 Πέτρσς

69 1140 122 1192 ἔφη’
139 1134 161 1179 τί
176 1133 248 1193 τούτῳ
264 1131 351 1191 dnonas
366 1133 380 1193 ή
396 1136 418 1182 (λε’
434 1154 511 1194 φησιν,
528 1134 632 1193 Κλήμης.
673 1136 709 1180 καλ
728 1131 740 1179 o‘
757 1137 844 1193 Πέτρος
868 1137 941 1198 εἶπεν·
963 1130 1031 1183 αὑτός

68 1211 138 1259 ἐστιν,
160 1206 197 1249 καλ
212 1199 280 1254 αὐτὸς
295 1199 324 1262 ἦν
340 1201 351 1250 ὅ
369 1202 411 1263 rupo
427 1209 509 1264 μιτρού
531 1225 571 1263 μοι
593 1205 702 1262 λαλήσας,
724 1199 882 1264 ᾧοῖυαμὲνειν
903 1224 933 1262 με
954 1208 979 1249 ἐν
1000 1206 1031 1260 τῴ

69 1276 138 1331 πλοίῳ
154 1276 287 1331 προσέταξα.
317 1270 332 1331 η’
348 1275 371 1320 λλ
385 1277 545 1333 προσπεσοῦσα
561 1276 590 1335 τῷ
606 1277 684 1333 Πέτρῳ
701 1273 822 1332 παρεκάλει
837 1275 944 1320 σπεύιλειν
959 1275 995 1319 ἐπὶ
1005 1269 1030 1318 τὸ

69 1347 147 1390 πλοῖον
166 1346 249 1388 ἐλθεῖν.
288 1345 323 1389 καλ
344 1341 356 1388 ὁ
376 1346 475 1402 Πέτρος·
504 1349 525 1391 εἴ
543 1364 584 1402 μοι
602 1355 674 1402 κηροῖς
693 1343 735 1395 τοὶς
754 1346 884 1402 συνθήκας,
907 1347 943 1390 καλ
962 1348 1029 1391 ’τουτο
1038 1360 1057 1396 15

5 1438 6 1441 ¹
68 1412 159 1472 ποιήσοι.
189 1410 308 1470 ηἰλέἐφη·
325 1415 402 1460 ποῖντα
419 1416 584 1473 nocoi,ptdcoc.
595 1433 636 1471 μοι
651 1412 675 1460 τὸ
686 1417 766 1461 τέκνον
779 1416 805 1461 τὸ
818 1415 942 1475 μονογενὲς
954 1418 1031 1470 deifica.

68 1484 120 1536 ιλόξω
135 1483 177 1541 peip
193 1479 220 1528 δι’
236 1483 308 1529 αὐτου
323 1481 351 1529 cd
368 1485 408 1529 δύο
424 1503 471 1542 μου
485 1485 513 1531 cc}
531 1489 634 1532 ἐνταύθα
654 1484 784 1543 τεθνηκότα
802 1483 858 1544 ὁρᾶν
882 1487 956 1532 τέκνα.
994 1488 1031 1531 καὶ

67 1553 78 1601 o‘
95 1557 181 1614 Πέτρος
196 1560 250 1613 ἔφη’
272 1553 328 1602 ὅταν
344 1554 416 1602 αὐτόν
431 1558 491 1614 ἱίλης,
513 1553 628 1617 ήσήχαοον
642 1558 720 1615 μέχρις
736 1552 765 1601 ολν
780 1558 821 1612 της
835 1555 906 1613 νήσου
921 1558 1031 1616 ἐκβαῖμεν.

66 1624 81 1684 ή
95 1626 118 1672 dd
134 1629 186 1684 ἔφη·
202 1624 272 1677 οὕτως
286 1622 378 1684 ποιήσοι.

67 1769 152 1824 geminis
168 1768 210 1811 suis
227 1769 288 1824 natis,
304 1781 331 1810 ne
346 1768 420 1810 misera
434 1769 499 1812 morte
515 1770 618 1826 interiret,
640 1776 700 1825 atque
716 1783 761 1812 oum
776 1769 814 1812 iilis
831 1770 917 1825 egressa
937 1783 980 1811 non
995 1770 1030 1811 in·
1038 1783 1058 1816 το

66 1840 152 1881 venitur.
182 1840 217 1881 Vir
233 1845 300 1881 autom
316 1840 380 1896 iliius,
397 1840 456 1895 hujus
471 1853 523 1882 vero
538 1846 606 1897 pater,
623 1847 644 1883 et
659 1842 703 1895 ipse
716 1841 741 1882 ad
760 1842 900 1894 quaerendam
917 1855 961 1883 eain
978 1855 1030 1896 pro-

66 1909 132 1951 fectus
148 1922 277 1963 nequaquam
293 1911 402 1964 reperitur.

107 1967 174 2023 ‘XXt
205 1980 261 2021 Haeo
276 1992 321 2021 eum
338 1980 422 2021 dixisset
437 1980 508 2022 Petrus
514 2013 519 2035 ,
535 1981 619 2036 mulier,
636 1994 690 2036 quae
705 1981 794 2022 animum
803 1970 927 2037 intenderat,
943 1988 1029 2037 stupore

66 2051 180 2092 exanimata
197 2056 233 2092 est.
263 2051 313 2092 Tum
328 2051 412 2101 Petrus,
428 2051 529 2094 accedens
544 2065 638 2106 eamque
654 2057 738 2106 tenens,
760 2051 785 2093 ad
800 2063 823 2094 se
838 2052 916 2094 rediret
935 2053 1029 2095 hortatus

67 2125 107 2177 est,
123 2122 228 2176 suasitque
243 2127 266 2163 ut
281 2121 380 2164 fateretur
396 2123 491 2177 quidnam
508 2129 564 2166 esset
580 2124 635 2178 quod
652 2123 670 2164 ei
685 2125 809 2177 contigerat.
840 2122 874 2164 Illa
891 2136 954 2180 voro,
974 2126 1058 2173 velut25

67 2205 93 2233 ex
114 2193 213 2235 ebrietate
230 2197 274 2234 toto
295 2205 383 2248 corpore
406 2195 507 2248 resoluta,
532 2206 573 2249 quo
594 2199 666 2248 posset
686 2194 848 2248 magnitudinem
868 2196 945 2249 sperati
961 2196 1031 2249 gaudii

66 2265 178 2320 sustinere,
195 2265 325 2318 semetipsam
340 2265 456 2319 reparavit:
477 2265 579 2319 simulque
601 2264 704 2306 adfricans
724 2265 815 2319 vultum,
839 2265 875 2306 ubi
896 2271 938 2320 est,
958 2266 1029 2322 inquit,

64 2333 97 2374 ille
113 2333 248 2377 adolescens?
279 2333 306 2376 At
328 2334 399 2375 Petrus
419 2334 462 2388 Jam
483 2334 599 2388 intelligens
621 2347 665 2375 rem
686 2339 760 2376 totam:
783 2335 827 2390 dio,
843 2336 919 2391 inquit,
941 2336 988 2377 miti
1008 2342 1029 2378 tu

64 2404 129 2460 prior,
145 2405 203 2447 aliter
220 2406 335 2447 enimcum
351 2417 392 2446 uon
408 2405 491 2446 videbis.
523 2405 620 2446 Tumida
636 2405 736 2448 festinans
753 2407 790 2448 ait:
812 2419 853 2461 ego
879 2419 923 2449 sum
945 2408 1030 2449 adoles-

65 2477 129 2517 centis
144 2481 215 2517 mater.
246 2476 271 2517 Et
286 2476 367 2518 Petrus:
385 2475 440 2530 quod
457 2476 476 2516 ei
491 2487 567 2516 nornen
584 2475 630 2517 esti
660 2474 776 2532 ditavero,
793 2476 899 2533 Clemens,
916 2478 949 2520 ait.
989 2479 1055 2527 Pe-30

64 2550 118 2587 trus:
134 2541 178 2600 ipse
193 2551 224 2587 est
240 2547 318 2600 etipse
334 2552 378 2589 erat
392 2548 426 2601 qui
441 2546 502 2600 paulo
518 2552 661 2588 anternacum
681 2546 819 2603 loquebatur,
844 2561 905 2602 quem
925 2549 977 2603 jussi
997 2563 1029 2591 me

64 2615 84 2662 in
99 2617 146 2658 navi
162 2621 291 2670 exspectare.
322 2616 378 2659 Tune
393 2618 426 2659 illa
441 2616 552 2671 procidens
568 2616 592 2657 ad
612 2616 676 2669 pedes
692 2616 747 2659 Petri
762 2619 860 2674 rogabat,
876 2624 898 2660 ut
914 2619 939 2660 ad
955 2632 1028 2660 navem

64 2685 139 2729 festine
153 2687 285 2741 procederet.
316 2688 387 2730 Petrus
403 2693 479 2729 autem:
495 2687 512 2729 si
527 2686 585 2742 miti,
601 2687 677 2741 inquit,
701 2699 774 2730 servas
790 2689 862 2744 sidem,
883 2689 923 2730 hoc
946 2695 1028 2743 quoque

65 2768 131 2811 agam.
165 2758 193 2800 Aa
211 2758 244 2799 illa
264 2758 379 2811 respondit:
403 2759 469 2801 omnia
493 2758 577 2812 faciam,
594 2762 671 2799 tantum
691 2758 740 2799 mihi
756 2760 845 2801 ostende
862 2760 944 2800 unicum
960 2771 1027 2800 meum

64 2834 140 2872 natum.
170 2829 248 2870 Putabo
264 2828 317 2869 enim
334 2841 372 2881 per
387 2830 452 2883 ipsum
469 2830 562 2883 geminos
582 2839 640 2869 ineos
661 2827 748 2884 liberos,
772 2831 806 2883 qui
828 2829 860 2871 hie
879 2829 954 2870 mortui
968 2827 1055 2884 sartan

64 2901 141 2943 videre.
170 2899 202 2942 Ac
217 2900 289 2942 Petrus
305 2898 364 2941 dixit:
385 2913 431 2942 oum
446 2900 522 2942 videris
538 2912 593 2954 enm,
610 2898 678 2952 quieta
694 2912 766 2956 inane,
787 2913 854 2955 usque
874 2913 914 2954 quo
931 2899 1028 2952 egredia-

65 2983 110 3013 mur
126 2973 150 3014 ab
166 2972 239 3015 insula.
269 2970 304 3012 iiia
320 2972 411 3026 excepit:
427 2971 456 3023 sic
471 2970 550 3014 faciam.

95 3125 113 3163 1.
144 3124 191 3162 Ante
207 3120 268 3178 ἐκβὰς
283 3124 301 3162 in
318 3123 331 3161 0
350 3129 378 3163 est
397 3120 483 3179 ἐκβκσου
500 3135 532 3162 ert-
586 3124 605 3160 3.
636 3121 747 3175 δυνηθῆναι
763 3125 776 3161 C
791 3134 893 3172 perperam.

64 3188 156 3230 punctum
577 3184 604 3219 Ἰ4.
634 3183 706 3222 Vocati.
724 3179 735 3234 ή
751 3179 772 3221 δέ
788 3178 902 3221 σπεύδουσα
920 3183 960 3223 des.
976 3183 993 3222 iu
1006 3184 1027 3223 0.

93 3247 113 3282 2.
143 3239 265 3295 ὑπέστρεφεν
282 3242 304 3280 0.
845 3252 846 3255 ¹
1038 3244 1039 3248 ’
