2276 3612
92 206 138 256 er‚
157 210 189 247 ro.
207 212 241 248 ιι.
552 211 594 254 380

93 340 145 372 σεως
162 321 247 379 οὑτοιί,
262 323 291 382 ἣν
308 323 373 372 αιίτός
390 325 540 385 συνεχώρησεν
562 323 618 385 ημῖν
638 339 711 383 νοεῖν,
733 326 792 377 ὅπως
815 328 943 387 νρινόμενοι
965 331 1053 377 οἰνοπο-

92 389 183 450 λόγητοι
200 391 260 453 ῷμεν
276 396 324 450 περὶ
340 388 370 439 ὧν
385 391 478 452 γνόντες
494 396 535 442 ουίι
550 397 700 456 ἐφολαξαμεν.

149 465 183 509 XI.
215 466 259 508 ΚαιΙ
275 462 286 509 ό
303 465 380 521 Σίμων
396 464 494 517 οἰκούσας
510 472 564 525 ε”ιμη
581 466 608 514 οὐ
622 470 759 528 δυσωπήσεις
775 488 804 525 με
809 505 816 524 ,
833 471 898 528 περὶ1
919 475 957 532 της
974 471 1053 523 οὐσίας

93 532 165 580 noenu
183 531 328 591 σιωπησαντα
347 539 396 594 περὶ
419 539 458 594 της
474 540 622 596 προαιρέσεως
645 542 717 586 αὐτού
738 544 812 597 ζητεῖν
833 540 912 600 μόνης.
948 550 994 591 ἔστι
1010 541 1053 603 peip

67 614 78 647 ὅ
94 608 197 663 περὶτῆς
213 602 292 656 οὐσίας
307 607 380 654 αὐτοῦ
394 610 429 654 ναί
447 618 505 653 νοεῖν
521 610 556 654 καί
572 612 658 667 λέγειν,
674 613 728 669 λέγω
743 607 770 667 θη
786 609 831 656 οἷπό
847 614 890 656 τῷν
901 612 1053 672 ἀνθρώποις2

93 677 222 733 προσόντων
239 678 318 722 παλτόν.
349 678 399 725 οἷον
415 677 532 737 πρόσεστιν
549 677 661 741 α’νόρῷπῷ
677 679 702 727 τό
719 684 758 740 ζην
774 679 978 740 uniuersorum,
995 683 1050 732 οἲλλοί

91 749 120 805 τῷ
133 749 181 807 Θεῷ
198 748 226 794 ου’
242 746 267 792 τό
283 748 405 803 τεθνάναι,
421 747 476 795 α’λλοί
493 746 518 795 τό
535 753 581 807 ζην,
596 754 633 798 ναὶ
650 751 675 798 τό
692 755 732 809 ζην
745 754 845 803 αἰωνίως.
874 759 905 800 ἔτι
918 755 967 813 μην
979 755 1051 814 πρόσ-

90 836 152 864 εστιν
173 817 303 876 ἀνθρώποις
319 815 344 864 τό
360 832 433 871 πανοῖς
454 823 563 867 eteorum
580 820 688 880 ῷγαθοῑς,
706 825 735 878 τῷ
755 823 777 867 ut
795 824 844 881 Θεῷ
859 824 884 869 τό
900 823 1050 884 οἷσσμιιρίτωςό

89 889 169 947 αἠαθῷ
186 890 251 934 εἶναι.
282 890 319 934 ταὶ
336 895 374 935 ἵνοι
389 887 422 949 μη
437 891 492 938 suit
507 891 567 937 πολύ
582 892 676 949 μηιιύνω
692 890 732 937 τόν
747 891 827 950 λόγον,
850 888 894 940 τῷν
916 895 1048 953 προσόντων

65 956 265 1017 1οόνθρῷποιςτα
286 960 402 1018 κρείττονα
419 962 510 1011 αἰωνίοις
531 961 637 1019 πρόσεστι
657 966 687 1020 τῷ
708 965 762 1020 Θεῷ.
798 965 834 1009 ναὶ
855 960 867 1009 ό
889 966 975 1023 Πέτρος
995 971 1048 1025 ἔφη·

89 1031 137 1088 λέγε
153 1049 206 1087 μοι,
228 1031 321 1088 Σίμων,
345 1029 465 1088 πρόσεστιν
481 1029 613 1088 ἀνθρώποις
626 1035 710 1091 μεννοῖν
726 1029 808 1083 ιιαιιοός
823 1036 859 1079 τοὶ
877 1030 992 1093 οἷγαθοός,
1013 1040 1048 1083 καί

88 1112 161 1147 ποιεῖν
179 1097 234 1146 κακοί
252 1103 288 1147 καὶ
304 1100 396 1161 α’μαθοός
412 1105 448 1149 uui
464 1100 475 1149 ό
491 1103 569 1159 Σίμων
585 1108 639 1160 ἔφη·
656 1102 784 1163 πρόσεστιν.
815 1104 850 1149 ναὶ
867 1102 878 1149 ό
897 1107 981 1163 Πέτρος
996 1110 1047 1164 ἔφη·

87 1174 134 1217 ἐπεὶ
151 1171 223 1224 οὕτως
239 1177 295 1230 ε’ἰμης
305 1173 321 1226 ⁵,
340 1175 383 1219 τόν
399 1171 532 1231 ἀνθρώποις
548 1171 680 1231 προσόντων
698 1170 725 1219 τοί
742 1174 856 1229 κρείττονα
877 1170 1003 1232 οίπονόμειν
1019 1177 1050 1221 rial

88 1244 117 1300 τῷ
134 1244 193 1299 Θεῷ·
216 1240 345 1300 οἶνθρῷπων
364 1242 514 1302 γεννώντων6
534 1241 617 1293 νακοιίς
639 1245 674 1297 καὶ
695 1241 808 1302 α’γαθοός,
831 1241 843 1289 ό
865 1241 922 1295 Θεός
944 1243 1048 1303 οἶγαθοτίς

62 1308 173 1366 opimum
187 1315 295 1371 γεννῆσαι
317 1313 425 1366 δύναται,
446 1320 479 1360 ε”τι
495 1333 520 1358 τε
539 1317 581 1359 τῷν
606 1311 735 1371 ἀνθρώπων
756 1312 908 1361 moroo'aremr7
929 1316 985 1362 ιιαιιοί
1010 1317 1046 1361 ταὶ

86 1377 177 1439 α’γοιθοί,
194 1378 262 1433 αὐτός
277 1384 352 1440 μόνον
367 1382 394 1430 τοί
410 1381 489 1443 opunti
505 1386 576 1429 ποιῷν
591 1386 705 1442 τέρπεται.
735 1382 805 1434 οὕτως
820 1387 870 1440 περὶ
890 1389 962 1441 θεον,
984 1383 1049 1445 ἦσαν’,

88 1451 115 1512 τίη
132 1455 160 1500 τοὶ
176 1453 309 1511 οίνθριόποις
325 1452 440 1511 προσόντα
466 1456 538 1512 λέγειν
559 1456 595 1499 ναί
610 1455 708 1500 ’σιωποῖν
724 1459 799 1508 ἔστιν,
820 1452 895 1513 ἢτῷν
915 1454 1047 1515 οἷνθρῷποις

87 1522 219 1580 προσόντων
235 1525 324 1569 ιιαλῷν8
341 1524 435 1583 εόίογόν
452 1530 512 1570 ἐστιν
528 1522 653 1581 οἷπονὲμειν
665 1521 726 1584 αότῷ
741 1522 768 1569 τό
786 1526 914 1583 κρείττονας
931 1530 966 1573 καί
977 1524 1047 1577 οὕτως

87 1592 180 1641 πόντων
197 1598 270 1642 καλῶν
285 1596 356 1652 μόνος
371 1600 429 1641 ἐστίν
446 1599 525 1645 αἴτιος.

61 1724 149 1778 suipsius
165 1726 271 1776 voluntas,
289 1738 348 1779 quam
364 1727 408 1779 ipse
425 1726 483 1766 nonis
499 1725 590 1778 permisit
606 1724 745 1777 considerare,
762 1728 789 1780 ut,
806 1725 888 1779 quando
902 1725 1044 1781 J'udieebimur,

86 1796 237 1839 inexcusabiles
253 1798 315 1838 simus
331 1798 350 1837 in
367 1798 390 1838 iis
406 1809 460 1850 quae
476 1801 629 1849 cognoscentes
645 1808 687 1837 non
702 1796 836 1838 servavimus.

143 1868 174 1910 XI.
204 1868 229 1910 Et
244 1869 313 1911 Simon
330 1868 415 1910 audiens
432 1867 491 1908 dixit:
507 1878 549 1907 non
565 1867 699 1920 extorquebis
716 1879 727 1907 a
742 1879 781 1922 me,
797 1872 825 1923 ut,
841 1867 866 1907 de
878 1867 989 1908 substantia
999 1867 1044 1921 ejus

84 1938 157 1992 silens,
173 1939 198 1981 de
213 1939 256 1982 sola
273 1940 317 1994 epus
332 1940 432 1993 inquiram
448 1938 560 1979 voluntate.
591 1937 655 1979 Datur
671 1938 724 1979 enim
740 1943 760 1979 et
777 1937 803 1978 de
816 1937 869 1979 iliius
885 1937 997 1979 substantia
1009 1937 1044 1976 in-

84 2010 178 2064 telligere
194 2023 218 2051 ee
234 2010 300 2065 loqui,
318 2023 344 2050 ex
359 2010 429 2065 bonis,
447 2011 539 2063 inquam,
556 2021 609 2062 quae
625 2008 740 2051 hominibus
757 2006 830 2051 insunt.
861 2009 953 2063 Exempli
970 2010 1042 2064 gratia,

62 2080 161 2122 abhomini
175 2082 228 2123 inest
244 2081 316 2122 vivere
331 2093 355 2121 ae
371 2081 433 2122 mori:
449 2079 484 2122 sed
501 2078 545 2120 Deo
562 2091 604 2119 non
620 2080 681 2135 mori,
698 2080 814 2134 mvnere,
835 2085 855 2121 et
870 2080 941 2122 vivere
956 2081 975 2121 in
991 2092 1042 2134 per-

84 2157 173 2205 petuum.
203 2151 277 2193 Adhue
290 2152 371 2193 insitum
385 2156 416 2192 est
431 2149 552 2204 hominibus,
569 2149 636 2190 bonos
654 2162 701 2191 esse
718 2156 738 2192 et
753 2151 825 2191 malos:
842 2150 893 2206 Deo,
906 2153 1044 2193 esseineom-

84 2222 201 2276 parabiiiter
217 2221 300 2262 honum.
331 2221 356 2263 m
371 2233 397 2261 ne
411 2221 492 2261 multum
509 2231 626 2262 sermonem
642 2220 770 2273 protraham:
793 2233 874 2276 eorum,
898 2234 950 2275 quae
966 2222 1042 2264 hebent

83 2291 183 2347 homines,
198 2292 348 2346 praestantiora
364 2292 384 2332 in
398 2296 504 2332 aeternnm
519 2289 611 2343 possidet
619 2290 681 2333 Deus.
712 2290 745 2332 An
757 2290 839 2333 Petrus:
855 2291 886 2332 die
897 2291 950 2348 mihi,
965 2293 1041 2349 Simon,

83 2364 142 2405 adest
157 2363 283 2418 hominunm,
306 2363 392 2417 gignere
416 2362 480 2404 maios
502 2366 522 2403 et
538 2362 613 2412 bonos,
637 2374 661 2403 ae
682 2361 752 2404 faeere
769 2361 819 2402 main
837 2367 857 2403 et
872 2362 940 2404 bona?
972 2364 1041 2405 Simon

58 2434 201 2488 torespondit:
219 2433 283 2476 adest.
313 2434 397 2488 Excepit
411 2434 493 2476 Petrus:
508 2433 607 2482 Quoniam
624 2434 651 2475 ita
668 2433 782 2487 affirmasti,
802 2445 881 2484 eorum,
897 2447 950 2488 quae
965 2435 1041 2477 habent

82 2505 185 2559 homines,
202 2504 350 2558 praestantiora
366 2510 448 2558 oportet
461 2505 505 2545 Deo
521 2503 624 2546 tribuere:
639 2517 685 2546 eum
702 2505 726 2546 ab
745 2504 860 2545 hominibus
877 2506 986 2560 gignantur
995 2506 1041 2546 maii

82 2575 167 2631 othoni,
182 2576 239 2617 Dens
250 2575 305 2616 solos
321 2575 388 2618 bonos
403 2581 471 2631 potest
486 2576 583 2630 gignere:
598 2581 712 2631 praeterea,
729 2588 775 2616 emn
791 2574 884 2619 homines
898 2577 974 2620 faciant
989 2578 1040 2619 mala

83 2652 102 2688 et
118 2648 184 2702 hona,
201 2648 245 2700 ipse
261 2646 327 2686 solum
343 2647 396 2688 nona
411 2647 481 2689 faeere
498 2647 648 2687 oblectamento
666 2646 734 2687 hahet.
764 2644 832 2700 Atque
848 2648 874 2688 ita
890 2647 915 2689 de
932 2648 989 2704 Deo,
1006 2640 1039 2689 'an

82 2730 130 2773 non,
147 2731 201 2772 quae
217 2717 322 2758 hominum
338 2724 384 2760 sunt
400 2719 468 2761 dicere
485 2723 519 2759 aut
534 2723 658 2772 reomensi,
674 2717 746 2758 velex
761 2717 790 2772 iis,
806 2730 859 2772 qnae
875 2718 968 2762 homines
984 2719 1040 2761 obii-

56 2787 142 2843 ttnem,
164 2790 236 2844 honis,
259 2801 347 2842 aequum
368 2795 398 2832 est
417 2791 435 2832 ei
454 2789 524 2845 largiri
543 2788 639 2842 potiora?
671 2788 746 2842 Sieque
762 2789 851 2830 omnium
865 2789 967 2832 honorum
983 2789 1040 2833 solus

81 2866 113 2902 est
129 2867 206 2903 auctor.

113 2936 130 2972 1.
160 2929 205 2985 περὶ
221 2934 235 2970 D
253 2933 278 2982 0,
294 2927 333 2984 πρό
350 2933 369 2971 O.
573 2932 644 2968 iaeuna.
674 2931 725 2967 idem
740 2927 856 2982 προσόντων
871 2924 996 2984 ἀνθρώποις.

111 2997 130 3030 2.
160 2988 276 3045 ἀνθρώπων
293 2992 315 3030 O⁴
604 2995 621 3028 6.
652 2990 671 3027 ln
688 2989 702 3026 0
719 3002 761 3040 γενν
777 3003 817 3028 eum
832 3003 872 3039 seq.
888 2992 952 3029 lacuna
968 3005 985 3041 p.
998 3005 1037 3042 pm·

112 3054 130 3088 3.
160 3053 186 3090 Ite
202 3055 224 3099 S,
240 3047 263 3090 τὸ
279 3046 393 3103 οἱσνμιρίτῳ
408 3049 432 3096 0,
448 3048 475 3099 τῷ
490 3046 548 3102 α’σνη-
572 3043 658 3089 anienem.

84 3106 179 3162 τρίιῳθ,
196 3108 218 3150 τό
235 3107 348 3163 όσομιρίιῳ
364 3109 413 3156 eonj.
429 3109 483 3148 idem.
604 3110 622 3145 7.
654 3102 781 3157 [ποιοόνμωο
800 3108 824 3160 C.
866 3109 915 3146 idem
939 3105 1000 3162 prii-op
1021 3120 1037 3156 p,

112 3171 131 3206 4.
161 3166 187 3214 εἰς
203 3171 222 3208 C.
572 3161 634 3218 μόνον
649 3160 681 3203 τοί.

113 3228 131 3267 5,
160 3223 190 3279 ἠς
208 3242 226 3278 p.
246 3222 310 3274 οὕτως
334 3223 383 3278 ἔφης
402 3224 417 3263 0
438 3237 454 3264 e.
475 3226 548 3275 praevia
606 3226 625 3263 8.
656 3218 746 3278 π[ερ],ί“ρ
763 3220 797 3276 ot,
814 3221 847 3265 διὰ
864 3221 978 3274 amanium(
991 3236 1039 3263 oon-
