2276 3612
103 232 148 281 xnt,
166 235 257 272 te-ao.
574 229 616 272 294

107 342 165 405 οἶνιλρ
180 346 223 391 τόν
240 349 325 403 ττὲνχτα
341 351 380 405 ἔχη
394 355 504 402 γυναῖκα,
523 346 626 405 μεγοίλνγν
647 357 728 404 rapotae
752 343 852 403 ἡγείσθω
873 342 944 400 αὐτῆς
967 337 1010 399 τὴν
1030 359 1073 386 σα-

110 413 232 475 φροοόνιγν.
270 415 391 474 ἡσολφρων
410 414 468 472 γυνή
489 414 611 477 αὐταρκείᾳ
626 418 752 477 βρωμάτων
771 414 809 461 καί
829 414 905 459 ποτῶν
921 413 1011 472 χρῆται,
1035 416 1072 456 ἵνα

110 487 143 546 μὴ
158 487 311 535 λισανθίντος
327 487 368 532 τοο]
384 483 534 545 σώματοςτῷ
549 487 634 546 βάρει1
658 487 713 546 τορός
728 485 856 542 ε’τιιθυμίας
879 480 981 540 οίνόμους
1003 499 1073 543 nono-

110 555 185 615 στοίοχ
200 553 241 612 τήν
256 551 338 613 ψυχήν.
369 554 416 600 dtt'
432 560 466 601 ἔτι
482 555 529 614 μὴν
545 556 588 602 στίν
603 560 662 610 νέοις
678 555 719 605 oda
735 554 827 612 ἰόιοίζει,
846 555 882 600 καί
897 549 952 602 τούς
966 553 1073 610 γέροντας

84 623 245 677 στίνιοιττεόει,
267 626 364 681 γε’λατας
380 623 492 676 ιίτόιιτους
508 625 635 674 ἀπωθεῖται
641 665 648 684 ,
671 630 718 687 Θεῷ
739 626 801 686 μόνῳ
820 622 904 679 ἑαυτήν
925 618 1072 678 οἷττονέμουσα

111 692 138 740 ου’
154 693 287 751 σφείλλεται,
304 692 403 751 σεμνσιίς
419 695 499 756 λόγους
514 696 628 746 duodenne
644 701 733 758 ἥδεται,
755 694 809 747 τούς
831 689 854 739 (λλ
875 691 909 752 μὴ
928 692 966 737 ἐπὶ
988 708 1074 748 σωφρο-

110 764 186 825 ου’νγγ2
201 767 338 823 λεγομένους
354 765 491 812 dandarum.

168 836 219 879 XIX.
257 832 352 891 λίαρτυς
368 834 440 889 (dado,
456 840 535 885 τισλλσί
553 839 619 896 φόνοι
635 838 724 896 μοιχεία
740 835 810 893 ,alab
830 836 866 880 ναί
888 829 914 877 τό
930 829 1016 885 δεινόν,
1039 828 1073 876 ότι

110 908 154 950 τιον
171 903 245 962 φόνων
262 901 335 963 αὐτῆς
350 902 375 950 τό
392 904 492 965 φοβερόν
508 912 543 956 nol
562 906 642 967 οἷσεβὲς
658 903 686 953 ov'
701 908 819 965 βλέπεται.
857 902 892 949 ὅτι
916 906 1014 954 atenaco
1034 918 1074 962 χλ)-

86 982 104 1016 10
112 977 194 1025 θέντος
209 973 288 1033 νεαρόν
303 985 372 1019 νεῖται
389 978 466 1034 σῶμα,
492 981 528 1023 nol
544 974 568 1023 τό
593 981 632 1034 τῆς
648 978 767 1034 συμφοραῖς
783 972 857 1021 batuto
873 972 964 1023 πάντας
978 968 1074 1029 ἐκπλήσ-

111 1064 150 1090 σει.
180 1048 219 1102 τῆς
235 1047 258 1090 db
274 1045 395 1103 μοιχείας4
416 1050 437 1090 οἱ
456 1051 497 1105 τῆς
518 1049 591 1107 ψυχῆς
612 1047 678 1104 φόνοι
704 1044 852 1103 φοβερώτεροι
876 1041 952 1095 ὄντες,
973 1041 1020 1085 ἐπεί
1040 1036 1074 1099 μὴ

111 1112 245 1175 ανθρώτισις
267 1114 421 1172 βλέτιονται5,
449 1127 497 1167 τοῖς
524 1117 637 1174 τολμῶσιν
660 1113 744 1160 donarem
765 1113 808 1173 τήν
832 1111 906 1171 ὁρμήν
930 1112 1074 1171 παρέχουσιν-

111 1190 183 1243 podda
200 1185 320 1242 ίίνθραιτε,
336 1185 398 1235 τίνος
414 1186 489 1243 nuella
505 1192 560 1248 ἔχεις
579 1183 635 1243 πρὸς
647 1182 680 1240 1τό
696 1188 746 1242 ζῆν,
766 1187 803 1230 ταὶ
820 1182 848 1230 οὐ
864 1182 897 1242 μή
913 1179 986 1240 odedu
1004 1197 1075 1237 μιαν-

112 1259 183 1313 θῆναι
200 1254 305 1314 θελήσῃς.
343 1251 391 1299 dod
411 1258 513 1316 μοιχείας
534 1255 607 1314 μόνης
627 1251 773 1313 μιαίνεταιῆ
797 1256 858 1301 Θεοῦ
880 1249 947 1308 noted·
984 1252 1019 1296 ταί
1039 1248 1074 1296 dul

87 1330 180 1370 λστουτο
197 1321 252 1383 αὐτοί
268 1322 308 1370 τόν
323 1321 442 1382 μείναντα
459 1332 490 1379 εἰς
512 1331 558 1384 nup
574 1328 687 1387 υαταστιρὶ.
727 1326 819 1373 enadda
842 1321 886 1383 γοίρ
907 1321 946 1368 τόν
965 1319 1075 1381 ὑβριστὴν

113 1396 193 1453 αἰωνίῳ
211 1395 355 1451 παραδοῦναι
371 1394 468 1442 υολοίσει.

170 1465 213 1508 ΧΧ.
248 1466 326 1509 Toeto
343 1466 412 1523 λέγων
427 1464 438 1509 ὁ
456 1468 543 1523 Πέτρος
549 1502 556 1521 ,
578 1464 636 1524 τήνὸ
652 1462 744 1525 είγαθήν
760 1466 797 1511 ναί
814 1462 917 1522 σαόφρονα
930 1463 1076 1509 Ματτιδίαυ7

112 1532 243 1594 ιίτιόχαρας
259 1531 402 1590 (λανρόσυσαν
418 1535 484 1590 idolo,
507 1534 534 1587 ὥς
551 1538 587 1581 ἐστί
603 1534 721 1596 ὑποσχέσει
735 1537 780 1581 ταῖν
795 1533 920 1594 γεγονότων
941 1536 1076 1591 λυπηθῆναι

113 1606 211 1661 νομίσας
216 1639 224 1658 ,
239 1608 293 1661 ἔφη’
307 1604 387 1661 adpeti
402 1605 483 1662 γύναι·
501 1607 589 1652 τιολλών
605 1603 678 1651 τιολλσλ
693 1604 749 1651 nond
766 1603 892 1650 μαθόντων
910 1602 947 1651 dael
962 1605 1076 1664 μοιχείαν,

92 1745 141 1787 tobit
157 1744 235 1793 babens
251 1744 363 1799 subjicitur.
392 1744 476 1786 Maritus
492 1750 560 1786 autem
575 1745 622 1787 licet
638 1758 748 1800 pauperem
764 1757 852 1787 uxorem
868 1745 962 1799 duxerit,
981 1755 1075 1798 magnam

115 1817 182 1857 dotem
198 1820 255 1868 putet
270 1814 385 1869 pudicitiam
402 1817 471 1869 ipsius.
509 1816 581 1858 Mulier
602 1817 675 1871 pudica
700 1817 761 1858 nimio
777 1828 821 1857 non
837 1818 899 1858 utitor
919 1816 965 1857 cibo
981 1827 1005 1856 ac
1020 1818 1076 1868 potu,

113 1901 140 1928 ne
156 1887 222 1941 cibus,
237 1885 369 1940 pinguefacta
387 1899 488 1942 corpore,
511 1887 604 1940 pondere
625 1890 711 1930 animam
726 1888 793 1930 trahat
808 1887 833 1928 ad
850 1888 971 1942 cupiditates
990 1886 1075 1927 illicitas.

113 1958 222 1999 Praeterea
239 1968 284 1996 cum
296 1956 408 2009 juvenibus
423 1969 553 2010 nequaquam
569 1958 613 1998 sola
629 1957 707 2013 manet,
728 1971 752 1999 ac
774 1970 836 2000 senes
855 1962 974 2007 reveretur3
995 1956 1075 1997 incom-

113 2030 192 2084 positos
208 2027 261 2068 risus
277 2032 382 2078 rernovet3
399 2040 422 2070 se
438 2027 476 2069 soli
491 2028 536 2070 Deo
553 2028 635 2069 tradens
651 2040 693 2070 non
709 2028 820 2083 decipitur;
843 2027 930 2070 honesta
951 2027 1015 2068 verba
1036 2038 1075 2067 an-

92 2100 171 2141 25dicns
187 2097 311 2151 delectatur,
328 2109 352 2137 ea
368 2110 431 2152 vcro,
448 2110 502 2151 quae
518 2098 543 2138 od
559 2098 674 2150 pudicitiam
690 2110 731 2141 non
747 2099 846 2149 tendunt,
862 2097 949 2152 repellit.

154 2167 224 2208 ‘xm
252 2167 319 2209 Testis
337 2172 367 2208 cst
382 2167 447 2209 Deus:
463 2168 524 2210 multa
539 2168 647 2209 homicidia
663 2180 724 2210 unum
741 2169 872 2224 adulterium,
895 2175 915 2211 et
937 2167 991 2222 quod
1012 2177 1076 2221 grave

116 2245 156 2295 est,
173 2237 330 2279 homicidiorum
346 2237 397 2280 illius
413 2238 488 2279 horror
503 2251 527 2279 ac
543 2238 635 2292 impietas
651 2251 692 2281 non
709 2241 806 2281 cernitur.
840 2239 892 2280 Nam
913 2239 959 2281 fuso
976 2237 1077 2292 sangnine

117 2320 192 2364 corpus
208 2314 311 2350 mortuum
324 2310 385 2365 jacet,
402 2315 422 2351 et
437 2309 555 2351 calamitatis
571 2311 710 2364 magnitudine
720 2323 792 2353 omnes
803 2315 892 2363 stupent.
922 2308 1020 2351 dioeces
1030 2308 1076 2349 ani-

117 2393 195 2422 marum
211 2393 248 2433 per
263 2379 394 2434 adulterium,
411 2393 456 2422 oum
472 2383 512 2423 sint
526 2383 591 2436 magis
606 2382 725 2438 horribiles,
749 2384 797 2437 quia
821 2387 889 2423 tamen
913 2381 937 2423 ab
960 2381 1076 2424 bominibus

94 2456 159 2493 ennon
175 2450 280 2505 videntur,
296 2452 440 2504 egressoribus
456 2453 586 2494 occasionem
602 2453 699 2496 indesidis
714 2454 800 2507 impetus
822 2453 929 2506 praebent.
966 2452 1076 2508 Cognosce

117 2523 191 2577 bomo,
209 2522 267 2575 cujus
283 2521 373 2574 spiritum
388 2522 465 2564 babeas
482 2523 506 2564 ad
523 2524 645 2580 vivendum,
662 2530 682 2566 et
697 2537 724 2566 ne
738 2525 792 2566 illum
808 2524 890 2576 patiaris
905 2523 973 2578 pollui.
1004 2523 1075 2566 Asolo

117 2592 218 2635 adulterio
234 2591 329 2644 polluitur
343 2591 381 2633 Dei
396 2594 489 2647 spiritus:
514 2600 576 2648 atque
599 2596 645 2637 ideo
662 2595 694 2636 ille
710 2594 733 2635 ad
750 2595 819 2648 ignem
834 2595 896 2636 trabit
917 2594 1019 2636 bominem
1043 2594 1077 2648 qui

117 2664 195 2719 polluit.
225 2662 314 2703 Festinat
329 2663 381 2704 enim
397 2666 568 2708 contumeliosum
584 2666 667 2707 tradere
684 2670 769 2706 aeterno
786 2665 891 2718 supplicio,

175 2734 218 2777 XX.
249 2733 304 2774 Haec
320 2746 364 2774 cum
381 2736 459 2779 diceret
478 2738 561 2792 Petrus,
584 2737 704 2791 videretque
720 2737 795 2778 bonam
811 2736 947 2791 pudicamque
967 2735 1076 2778 illattidiam

96 2806 168 2848 35llcre
184 2817 234 2860 prae
251 2803 336 2859 gaudio,
353 2806 461 2848 arbitratus
477 2806 549 2848 dolere
566 2819 610 2848 earn
626 2807 651 2848 de
667 2807 760 2849 toleratis
776 2807 865 2862 casibus,
881 2808 916 2848 ait:
933 2805 1018 2848 Confido
1028 2817 1076 2846 rnu-

117 2877 161 2918 lier.
191 2875 241 2917 Cum
256 2875 312 2916 mulli
325 2876 387 2917 multa
403 2877 453 2918 male
469 2878 591 2931 pertulerint
605 2883 690 2931 propter
705 2876 836 2933 adulterium,
858 2883 880 2919 tu
895 2882 981 2931 propter
995 2876 1076 2930 pudici-

149 3046 167 3082 1.
198 3038 219 3080 τό
235 3039 299 3095 βάρος
314 3042 344 3079 vel
359 3037 384 3080 ad
399 3038 451 3095 βάρη
466 3047 513 3093 conj.
530 3047 550 3083 b.
640 3047 658 3082 5.
687 3044 713 3080 lta
728 3044 751 3091 D,
766 3041 860 3096 βλέπεται
877 3044 890 3080 G
907 3042 927 3079 0.

149 3106 167 3140 2.
199 3098 329 3154 σωφροσύνης
345 3101 365 3139 G.
641 3107 660 3142 6.
690 3098 881 3152 adaequando.

151 3163 169 3198 3.
197 3157 233 3210 μία
248 3158 325 3213 μοιχεία
342 3161 361 3198 G.
641 3165 652 3199 7
690 3158 808 3200 bratetelde
824 3161 845 3199 0.

151 3221 170 3257 t.
199 3219 222 3268 τῇ
238 3215 350 3272 δὲμσιχείρ
366 3219 450 3266 colpe.
