2276 3612
118 256 131 302 r,
149 257 180 294 ra.
198 255 230 293 13.
586 248 613 292 36

118 370 158 429 χης
174 363 353 419 designantem
376 365 475 422 ἐγένετο,
497 367 560 423 εἴπερ
587 363 625 411 άπΙ
648 363 714 426 άρχης
738 367 769 413 εἷς
791 363 903 420 σωτηρίαν
924 364 1079 408 ένυλουντοολ

118 438 216 493 οἷνάξιοι.
245 436 270 482 τά
285 433 326 493 γάρ
342 436 385 479 νῦν
401 433 525 495 γινόμενον
541 434 578 482 ὑπ’
595 433 671 483 ardania
687 434 765 484 άάλνως
781 438 812 483 εἰς
823 432 955 490 -άπολογιίιν
970 434 1010 487 της
1023 433 1078 489 έμης

119 509 208 558 ditatae
223 509 309 566 γίνεται
324 507 447 560 προνοίας,
462 505 496 552 ὅτι
513 510 584 558 nolula
599 508 640 554 τὸν
656 510 724 563 τιμης
740 504 802 559 ι’έξιον
817 501 883 561 λέγον
900 501 938 547 ἀπ’
955 499 1022 562 α’ρχης
1038 502 1077 557 dn-

118 581 187 638 μυοίη
202 582 235 628 εἰς
248 573 320 633 ὕβριν
335 579 412 620 θεῖναι
428 574 469 622 ουίι
484 572 636 636 ἠβουλήθην1
656 576 783 632 diapenta,
804 570 860 619 α’λλά
881 575 988 630 σιγάσθαι
1010 567 1078 616 odaria

117 646 146 698 οἷς
161 651 238 704 τίμιον
253 643 436 702 ἐβουλευσάμην,
452 644 493 690 ουίι
509 646 555 694 άπὸ
571 653 614 692 των
630 643 669 692 ἀπ’
685 643 755 704 οἷρχης
770 643 849 697 άξέων,
864 642 897 691 οἷς
909 644 944 687 aiil
956 643 1079 697 prociduae,

119 715 167 765 σίλλ7
181 711 226 762 clud
243 711 328 759 τουτων
343 717 379 760 ναὶ
395 716 439 760 των
455 718 578 772 τοιούτων,
594 718 623 769 aig
639 716 717 775 deduc,
733 716 842 767 άναξέων,
864 716 908 757 των
925 716 965 769 ἐμέ
979 711 1079 768 μισούν-

93 799 102 830 o
120 804 163 831 των
177 785 213 830 nui
228 780 324 832 ἑαυτούς
340 784 413 840 φιλεῖν
427 780 459 841 μή
477 788 632 843 βουλομένων.
667 787 702 830 καὶ
722 788 765 830 νυν
786 802 811 841 γε
826 784 936 840 παρέντες
954 784 1023 838 ysaia
1038 778 1078 826 τὸν

118 856 190 912 diaden
205 856 290 899 τουτον
306 854 365 907 epod
381 854 437 911 πρὸς
452 852 477 900 τὸ
494 854 577 901 τούτου
592 853 724 912 ἐπάγγελμα
741 852 904 902 πυνθάνεσθε,
924 849 939 909 ἢ
957 856 1079 912 πυνθανο-

116 927 177 985 μένην
192 924 251 982 μοι2
266 918 278 967 ὁ
293 921 437 980 βουλόμενος
452 923 629 986 άποιιρινάσθω
653 925 688 969 nni
703 920 754 981 pan⁸3
769 923 799 974 υλς
813 919 912 979 οόελγεῖς
926 919 991 970 adies
1006 917 1077 965 ν’λάσ-

119 1012 179 1048 σετε,
201 994 267 1052 ψόφῳ
283 989 373 1051 άτάυτω
393 992 491 1051 peoora
512 998 556 1040 τών
578 995 689 1051 σώζεσθαι
706 995 822 1039 θελόντων
842 992 884 1044 τάς
904 989 984 1043 elnonis,
1004 987 1079 1036 άιλιιοι

119 1066 154 1109 τοὶ
172 1069 314 1121 θεοστυγεῖς,
335 1064 372 1106 ναὶ
393 1059 434 1108 τάν
455 1060 554 1118 σώζοντα
574 1059 686 1121 λογισμὸν
707 1067 738 1113 εἰς
759 1060 869 1108 ἀπιστίαν
890 1061 1078 1120 άποσχολοιλντες.

94 1135 165 1182 wude
181 1132 314 1191 συγγνώμης
329 1141 403 1190 τυχεῖν
420 1131 558 1187 δυνήσεσθε,
574 1131 615 1178 τὸν
630 1130 671 1190 την
687 1125 819 1190 θειότηταλ
833 1135 876 1177 του
893 1133 953 1178 Geor}
969 1133 1078 1188 ἐπαγγελ-

118 1199 217 1257 λόμενον
242 1201 300 1256 υμῖν
318 1204 391 1245 εἰπεῖν
410 1199 554 1257 ω’βρίζοντες,
578 1205 612 1248 nni
634 1205 706 1247 ταυτα
722 1202 848 1260 άνθρωπον
869 1200 895 1246 ὃν
911 1205 985 1261 ἐχρην,
1008 1204 1028 1245 εἰ
1043 1203 1078 1247 ναὶ

119 1271 191 1329 μηδὲν
211 1265 393 1326 άληθεάοντοιό,
417 1269 454 1317 ded
475 1268 632 1331 erivljriyoddo
659 1270 729 1318 αὐτοῦ
754 1270 811 1332 πρὸς
832 1271 895 1328 ιλμολς
921 1269 1076 1324 deotissime

121 1339 265 1397 npont'peoru3

178 1409 228 1454 Xlll.
261 1408 339 1455 Ταῦτά
354 1426 401 1466 μου
416 1411 521 1467 λέγοντος
536 1412 572 1456 καὶ
587 1408 614 1455 τά
630 1409 719 1459 τούτοις
729 1407 855 1465 attiliaco,
870 1408 942 1461 πολύς
952 1411 996 1454 των
1008 1406 1077 1467 ὄχλων

97 1481 207 1538 ιηέγένετο
222 1477 331 1536 decline*
353 1481 389 1524 ναὶ
410 1483 431 1523 οἱ
446 1483 491 1534 μέν
506 1476 535 1531 ολς
550 1478 590 1525 τὸν
605 1479 734 1537 Βαρνάβαν
749 1481 864 1531 ἐλεοῦντες
881 1475 1006 1537 evaginanti
1025 1489 1078 1534 μοι’

122 1554 143 1594 οἱ
159 1550 182 1594 (λέ
198 1544 287 1605 ἠλίθιοι
303 1546 367 1597 ὄντες
382 1547 518 1597 deraditur
532 1551 589 1605 ε’μου
604 1553 700 1608 ἔβρυχον
716 1545 770 1600 τοάς
785 1545 887 1597 dalaiae.
922 1548 968 1592 ἐπεὶ
991 1548 1014 1592 dd
1034 1545 1077 1604 ηἰλη

123 1622 179 1663 ποτέ
195 1617 277 1673 ἑσπέρα
293 1615 434 1675 νατιιληηιει,
456 1620 497 1674 της
511 1616 582 1678 χειρὸς
597 1616 673 1676 λαβών
694 1616 733 1663 τὸν
754 1617 896 1674 Βαρνάβαν,
916 1613 949 1674 μή
970 1618 1078 1666 θέλοντα,

124 1768 195 1799 omnes
209 1756 300 1799 futurum
316 1760 370 1810 erat,
386 1755 403 1798 si
419 1767 430 1796 a
445 1757 544 1810 principio
561 1757 585 1797 ad
602 1757 687 1799 salntem
699 1756 767 1798 vocati
781 1755 869 1798 luissent
884 1757 918 1810 qui
933 1756 1010 1809 iinlipni
1024 1759 1077 1796 sunt.

123 1827 181 1876 Quod
197 1828 250 1867 enim
266 1838 321 1867 nunc
338 1826 363 1867 ab
378 1826 403 1869 iis
417 1826 516 1881 injuriose
531 1828 563 1882 fit,
578 1828 599 1868 in
615 1827 758 1870 defensionem
773 1828 795 1868 fit
806 1827 875 1881 justae
890 1838 948 1867 meae
962 1825 1076 1879 providen-

98 1897 170 1952 20tiae,
191 1897 248 1950 quod
270 1895 377 1950 praeclare
396 1891 606 1939 doctrinam‘honcre
632 1897 713 1951 dignam
733 1897 790 1938 nolui
810 1896 907 1938 inutiliter
929 1895 953 1937 al]
974 1896 1030 1938 initio
1053 1895 1077 1936 ad

122 1967 265 2010 contumeliam
281 1967 363 2020 publice
378 1978 496 2022 exponere,
514 1968 611 2010 sedeam
627 1969 698 2023 statui,
719 1973 741 2008 ut
756 1967 906 2020 venerandam
926 1966 1006 2008 silentio
1022 1966 1077 2019 tegi3

121 2049 163 2079 non
180 2037 263 2090 quidem
279 2037 332 2090 apud
349 2049 386 2079 eos
403 2037 438 2090 qui
453 2037 553 2090 principio
570 2037 625 2091 digni
641 2043 709 2092 erant,
732 2038 805 2090 (paribus
822 2042 842 2078 et
861 2037 944 2091 tradidi7
966 2036 1003 2079 sed
1024 2035 1077 2093 apud

121 2108 171 2149 istos
187 2112 207 2148 et
223 2107 350 2161 consimiles,
365 2112 387 2148 ut
403 2108 497 2161 cernitis,
513 2108 619 2163 indignos,
636 2108 683 2149 odio
700 2120 731 2148 me
747 2113 904 2162 prosequentes,
920 2120 985 2160 seque
1001 2107 1077 2148 nolen-

121 2183 153 2220 tes
169 2178 259 2232 diligere.
295 2177 321 2219 Et
340 2189 392 2219 vero
408 2190 463 2218 nunc
484 2178 601 2220 omittentes
616 2179 671 2219 hunc
693 2178 796 2220 hominem
815 2177 914 2232 aridei-e,
937 2189 948 2217 a
967 2177 1076 2230 meipsius

98 2248 304 2301 aanepronissionem
320 2248 398 2304 audite,
415 2249 448 2289 vel
463 2250 498 2303 qui
514 2250 570 2291 volet
585 2249 632 2290 milri
646 2250 775 2302 percontanti
784 2246 914 2301 respondeat.
944 2246 975 2288 Ac
986 2260 1011 2288 ne
1021 2246 1077 2288 velut

122 2318 236 2374 petulantes
251 2308 315 2359 canes
328 2318 416 2373 latreus,
431 2319 566 2372 incomposito
582 2320 678 2374 strepitu,
699 2331 760 2360 aures
775 2318 848 2378 salvari
864 2316 1021 2358 desiderantium
1036 2316 1076 2357 ob-

123 2392 226 2430 struentes
240 2388 309 2442 injusti
324 2401 347 2430 ac
362 2388 407 2430 Deo
425 2389 490 2444 exosi
507 2395 527 2430 ct
541 2391 675 2432 servatricem
687 2389 833 2443 cogitationem
845 2391 955 2428 avocantes
969 2387 993 2426 ad
1005 2387 1076 2427 incre-

123 2458 232 2500 dulitatem.
262 2457 307 2505 Quo
323 2463 382 2512 pacto
398 2460 478 2501 veniam
493 2461 594 2513 consequi
609 2461 712 2515 poteritis,
736 2472 781 2500 eum
803 2459 838 2512 qni
858 2457 917 2499 voltis
932 2461 1024 2497 naturam
1038 2457 1076 2497 Dei

122 2527 203 2569 referre
218 2529 324 2584 promitti7
340 2530 464 2571 contumelia
479 2530 604 2582 allicientes5
619 2531 681 2583 idque
696 2531 805 2583 hominem,
820 2540 881 2582 quem
897 2532 1022 2582 oportuerat
1038 2529 1076 2569 elsi

98 2598 170 2650 30nilril
179 2609 230 2638 vere
244 2598 367 2654 loquentem,
382 2606 467 2654 propter
475 2602 549 2642 herram
562 2602 624 2654 ipsius
633 2614 683 2654 erga
693 2613 731 2643 vos
739 2601 870 2655 voluntatem,
887 2605 945 2654 grate
955 2600 1075 2653 suscipere?

179 2665 230 2708 Xlll.
260 2666 316 2714 Quae
331 2681 377 2709 cum
393 2669 489 2726 dicerem,
506 2672 585 2725 aliaque
601 2671 631 2713 his
647 2676 793 2725 consentanea,
810 2671 893 2712 multum
904 2671 924 2711 in
936 2670 994 2723 plebe
1009 2675 1075 2712 ortum

123 2742 154 2778 cst
169 2748 269 2778 mnrnmr:
288 2743 348 2792 atque
367 2740 399 2781 alii
415 2741 496 2794 [puidam
512 2747 614 2795 tannpram
629 2742 743 2783 Bamalaam
763 2742 884 2783 miserantes
903 2741 950 2782 milri
969 2740 1074 2781 favebam:

122 2807 154 2848 alii
169 2818 221 2848 vero
238 2806 273 2860 qui
288 2813 345 2849 erant
361 2810 438 2865 stolidi,
462 2812 554 2865 graviter
574 2812 594 2852 in
615 2825 646 2853 me
661 2812 774 2867 stridebant
790 2811 889 2852 dentibus.
925 2810 1016 2863 Cumque
1032 2810 1073 2863 jam

122 2889 209 2931 vespera
225 2876 352 2928 advenisset,
371 2880 477 2923 Barnabae
493 2894 555 2923 marm
571 2882 709 2938 apprehensa,
732 2895 778 2923 eum
799 2883 903 2925 nolentem
924 2881 944 2922 vi
963 2880 988 2921 ad
1008 2893 1074 2921 meam

153 3046 170 3082 l.
199 3038 311 3097 ἐβουλήθην
328 3043 346 3080 Ο,
639 3051 658 3085 »l⁴
688 3042 774 3096 θεότητα
791 3049 810 3087 C.

151 3106 169 3141 2.
199 3099 353 3152 πυνθανομένων
369 3097 379 3139 ὁ
395 3099 516 3154 βουλόμενος
531 3105 550 3141 C.
640 3110 658 3144 5.
689 3101 858 3157 ιἰληθέςλέγοντα
869 3104 889 3142 0.
910 3104 1027 3152 Subsequens
1041 3098 1076 3143 det

152 3162 169 3196 3,
199 3157 224 3210 μὴ
240 3161 319 3200 accessit
335 3172 358 3198 er
374 3160 394 3199 Ο.
430 3162 472 3200 Τοω
488 3158 585 3202 elidamur
610 3165 679 3203 addidit
695 3167 706 3204 S
723 3170 797 3203 audere
813 3165 875 3202 diuino
891 3162 933 3200 Rec.
952 3164 969 3209 1,
987 3167 1005 3200 9.

124 3218 146 3266 G,
162 3216 192 3266 qni
207 3224 225 3257 et
239 3216 320 3271 μέσατος
335 3232 353 3269 p,
368 3216 456 3272 dionaeo.
