2276 3612
116 229 154 277 nu,
172 231 190 268 5.
209 233 227 268 e.
563 228 619 294 aas

119 344 272 400 dmtduml'cr
264 347 318 399 ισσμ
312 359 351 386 ιαι.
381 337 429 388 σῖλλ
448 338 526 398 ἐπειιλὴ
542 362 572 387 πο
575 344 646 402 λλη’
631 362 728 402 σιιιεινον
744 345 778 389 not
795 339 961 403 ῶσιγαλέστιροιι
983 352 1081 396 συνεῖναί

118 414 170 511 μέ2
165 431 213 466 σοι,
227 411 311 469 τούτῳ,
326 404 361 455 d¹
377 410 460 461 ὄνους
476 429 523 467 μου
540 414 652 461 aldemaro
669 414 761 474 εὐλόγοις
777 415 926 471 προείληφεν,
948 415 982 461 did
1004 415 1081 479 πῶνυη

118 484 170 530 σοι2
185 492 284 528 συνεῖναι
300 479 406 542 εὔχομαι
424 477 479 539 πρὸς
495 501 587 535 ιουτοις
602 485 625 530 de
639 488 681 544 μέγ
683 504 762 543 ιγνιμσιι
778 502 818 529 σου
829 503 853 528 εν
864 486 1022 542 Καισαοεια
1002 505 1082 536 ειπον

117 568 166 604 τος·
189 571 208 596 ει
224 570 258 602 τις
273 550 383 609 βούλεταί
397 571 438 611 μοι
452 554 599 608 συνοδευσαι,
622 554 720 615 εὐσεβῶς
740 556 899 601 συνσιλευέσισὸ.
940 555 1035 614 εὐσεβῶς
1057 559 1080 604 dd

104 628 184 707 δέρης,
199 617 225 667 τὸ
245 622 333 702 μηιλένα
350 625 429 669 λυπεῖν
451 621 507 668 need
531 623 604 681 Θεὸν,
626 627 675 674 οἶον
698 625 861 674 α’πολιπόνυαλ
880 638 966 684 γονεῖς,
985 637 1081 685 γυναῖκα

116 690 248 749 ὁμόφρονα,
263 710 277 750 ιγ
293 694 384 750 ἐνέρους
398 690 464 744 τινας
480 711 502 753 en
499 698 643 756 γθεοσεβελιγ
665 698 850 779 προσκειμένους
889 696 977 743 deaa'
967 694 1008 755 ιγσλ
1023 695 1079 741 need

119 759 198 807 πῶντα
213 765 285 819 ε’πιτη
281 760 383 813 deede'
363 783 393 821 ειγ
392 765 412 810 ιέ,
428 782 463 818 σοι
479 713 678 823 σῶνσέοιπὸρσς,
665 786 680 811 α
697 772 717 813 εἰ
733 785 769 813 nnc
786 784 839 824 eun
830 768 925 825 μέγιστα
936 770 1025 827 χαρέζη,
1039 786 1080 818 τας

116 832 202 877 danlae
218 851 258 891 μοι
275 831 401 891 deciperetur
417 845 534 895 συγχωρεῖς
550 846 627 881 ποιεῖν.

174 904 206 947 Vl.
238 904 284 948 Kal
302 903 313 948 ὁ
330 905 417 962 Πέτρος
433 901 534 957 ῶιοῶσας
548 907 668 964 γελοιάζυν
684 913 736 967 έιμιγ
752 910 773 955 οἱ
789 904 831 954 σῶν
848 912 898 961 οἴει,
914 905 1013 966 Κλήμης
1019 943 1026 962 ,
1047 900 1081 964 μη

91 970 154 1022 icdn’
170 971 241 1031 αὐτῆς
257 970 357 1031 οἶνῶγιιης
372 978 444 1038 σεείς
459 971 543 1021 dodina
559 995 599 1031 μοι
615 978 712 1035 παγῆναι
728 976 814 1031 τόπους
838 981 886 1024 ἐπεὶ
902 979 937 1028 τίς
956 973 996 1027 πῶς
1012 976 1081 1028 καλῶς

115 1046 151 1089 nui
169 1040 256 1094 πολλαὶς
276 1042 381 1102 σινιλόνας
401 1040 460 1101 μειῶ
480 1048 525 1089 τῶν
545 1048 663 1103 ἑπομένων
683 1067 724 1104 μοι
746 1049 869 1095 denentiae
892 1051 927 1094 nul
946 1046 1081 1103 dncdn'oeotn

116 1112 222 1171 φυλάξει,-
238 1115 271 1164 etc
287 1115 310 1160 ιλέ
325 1116 363 1160 ναὶ
379 1114 407 1159 cd
422 1110 477 1171 ἦιλέα
494 1115 531 1159 καὶ
548 1117 659 1174 πολυτελῆ
671 1115 737 1175 ὄψα5
753 1119 922 1176 προετοιμῶσει,
939 1117 952 1163 d
965 1137 1017 1163 τινα
1029 1136 1081 1163 ποι-

112 1187 163 1230 ιιίλα
180 1183 235 1230 ὅντα
253 1186 342 1230 πολλῶν
357 1186 393 1231 καὶ
408 1183 533 1244 τεχνιτῶν6
554 1186 622 1231 deceat
643 1189 769 1246 μσγελροιν,
792 1191 827 1234 nat
851 1186 928 1235 endere
946 1194 1017 1235 έιιιῑνα
1039 1189 1080 1235 ὅσοι

113 1254 337 1312 εἰιτεθηλυμμένων7
348 1251 477 1312 α’νθρῶπων
485 1252 513 1304 ῶς
522 1258 592 1315 θηρίῳ
604 1256 694 1316 μεγαλῳ
709 1262 737 1318 τῇ
752 1261 866 1319 ἐπιθυμίη
879 1265 902 1305 en
913 1259 988 1318 πῶσης
998 1262 1080 1305 πλεον-

92 1327 175 1379 megine
190 1326 333 1382 πορισθέντα
348 1321 504 1383 ε’τσιμῶζετιιις
527 1324 587 1384 πλην
606 1326 636 1380 αλλ
658 1329 755 1386 τοιαύτη
777 1350 801 1376 σε
823 1331 953 1387 προαίρεσις
971 1327 1079 1386 ῶπεισηλ·

114 1403 171 1448 θεν,
187 1400 238 1446 iocre
253 1396 286 1453 μή
303 1396 399 1441 συνέντα
413 1397 449 1440 καὶ
464 1393 505 1441 τὸν
520 1396 577 1452 έμὸν
592 1394 724 1456 ῶγνσοῶντα
747 1401 812 1458 βίον,
832 1398 874 1450 ὅτι,
890 1399 947 1458 doceo
966 1398 1029 1459 μόνη
1044 1401 1080 1444 ναὶ

114 1467 200 1517 ἐλαίαις
214 1468 313 1526 χρῶμαι,
329 1467 364 1511 nat
381 1466 481 1516 σπανίοις
496 1463 616 1526 λαχῶνοις,
637 1470 673 1513 ταὶ
691 1469 725 1514 ὄτι
739 1468 833 1525 ἱμῶτιόν
849 1489 889 1527 μοι
905 1473 940 1516 uod
960 1468 1081 1528 τριβώνιον

114 1533 212 1597 ῶπσῖρχει
227 1532 308 1582 τούπ’9
324 1531 381 1580 αὐτὸ
398 1533 605 1594 ὃπεριβέβλημαι,
620 1540 655 1583 nal
672 1541 748 1597 ἑτέρου
764 1541 841 1601 χρείαν
857 1537 896 1585 oda
912 1544 952 1601 έχσι
972 1536 1027 1586 συίλὲ
1043 1538 1081 1585 dl.-

90 1693 159 1731 20non
174 1680 251 1734 possim
268 1684 315 1721 ate
332 1678 412 1736 divelli),
427 1689 438 1719 a
455 1678 564 1732 cupiditate
580 1679 682 1721 vincerer.
718 1678 757 1722 Sed
774 1679 821 1733 quia
838 1680 903 1722 multo
917 1681 988 1724 melius
1005 1694 1028 1723 ac
1044 1687 1079 1724 tu-

114 1753 154 1794 tius
170 1757 211 1806 est,
233 1764 266 1792 me
282 1763 367 1792 manere
382 1748 436 1804 apud
452 1754 484 1802 le,
508 1749 610 1791 hominem
631 1762 692 1804 quem
715 1750 792 1791 animus
814 1763 872 1791 meus
894 1752 966 1792 merito
987 1752 1080 1793 revereri

113 1823 209 1878 instituit,
225 1822 301 1863 idcirco
317 1821 401 1863 omnino
417 1824 484 1861 tecum
501 1832 547 1862 esse
564 1825 619 1874 opto.
650 1820 681 1862 Ad
698 1820 749 1861 haec
765 1822 846 1862 memini
858 1826 877 1862 le
892 1822 945 1875 apud
955 1821 1078 1879 Caesaream

113 1893 201 1936 dixisse:
216 1893 233 1935 si
250 1893 295 1947 quis
311 1893 354 1934 vult
367 1904 399 1932 me
415 1890 518 1946 comitari,
534 1890 567 1945 pie
583 1890 697 1932 comitetur.
726 1890 760 1932 Pie
777 1896 844 1932 autem
861 1892 953 1948 dicebas,
978 1893 1079 1934 neminem

113 1965 193 2006 tristitia
209 1964 322 2005 secundum
338 1963 404 2004 Deum
420 1960 512 2017 afficere,
537 1961 593 2003 velut
612 1962 748 2016 relinquendo
765 1967 871 2018 parentes,
892 1975 978 2004 uxorem
1002 1963 1078 2005 unani-

114 2047 178 2089 mem,
195 2039 228 2075 aut
244 2034 295 2076 alios
311 2046 374 2075 verae
394 2032 489 2086 religioni
511 2032 611 2075 addictos.
650 2033 708 2074 Unde
732 2044 771 2086 ego
792 2044 876 2085 prorsus
898 2034 933 2074 tihi
957 2046 1002 2075 sum
1020 2039 1078 2088 aptus

91 2105 193 2154 etltinerls
213 2116 294 2159 comes,
316 2116 327 2144 a
349 2103 422 2157 quusi
444 2103 551 2143 maximnm
570 2103 622 2146 velis
644 2103 696 2145 inire
719 2103 814 2157 gratiam,
838 2104 948 2145 ministeria
970 2116 1078 2145 servornm

115 2178 175 2219 obire
190 2175 238 2217 mihi
254 2174 365 2216 concedes.

172 2246 203 2288 Vl.
235 2246 280 2287 Hoc
296 2245 365 2287 audito
381 2244 452 2286 Petrus
468 2243 576 2286 subridens
591 2243 627 2286 ait:
644 2243 692 2298 quid
708 2256 759 2299 ergo
775 2247 834 2297 putas
851 2242 954 2299 Clemens,
971 2244 1026 2298 quod
1037 2255 1077 2285 non

113 2320 157 2373 ipsa
174 2316 299 2359 necessitate
314 2321 336 2357 tu
352 2316 372 2356 in
388 2328 496 2359 servorum
520 2316 587 2358 locum
611 2315 658 2356 milii
679 2315 797 2370 redigens?
828 2315 878 2356 Nam
901 2317 945 2369 quis
971 2317 1093 2371 elegantes¹

115 2402 139 2431 ao
155 2388 228 2429 multas
244 2386 342 2429 sindones
358 2399 403 2427 cum
420 2385 519 2441 adjunctis
535 2387 614 2428 annulis
630 2391 650 2427 et
665 2387 740 2429 calceis
756 2386 802 2427 milii
818 2386 937 2428 custodiet?
961 2387 1010 2435 Quis
1026 2398 1077 2429 vcro

89 2465 136 2509 εισι
152 2459 223 2502 suavia
239 2458 381 2511 exquisitaque
398 2458 483 2512 opsonia
506 2458 647 2513 praeparabit,
671 2470 724 2511 qnae
744 2469 789 2497 cunr
812 2458 868 2499 varin
892 2458 941 2514 sint,
962 2460 1036 2502 mullos
1054 2470 1078 2499 ac

113 2531 193 2586 peritos
209 2529 311 2582 postulant
327 2541 417 2583 coquos:
440 2532 460 2570 et
475 2529 542 2570 omnia
558 2529 602 2583 illa,
626 2541 679 2582 quae
695 2526 747 2581 apud
764 2526 891 2571 effeminatos
906 2528 1001 2572 homines
1017 2528 1076 2583 cupi-

114 2601 177 2656 ditati,
192 2605 295 2653 tcmquam
310 2599 391 2642 immani
406 2600 491 2656 bestiae,
505 2612 543 2653 per
560 2611 641 2640 omnem
658 2600 750 2653 quaesita
765 2598 835 2640 luxum
851 2611 875 2641 ac
890 2599 983 2641 fraudem
998 2612 1081 2655 paran-

113 2672 161 2716 tur?
193 2670 234 2714 Sed
249 2670 318 2712 forsan
334 2671 374 2714 hoc
388 2677 409 2713 te
425 2671 486 2713 subiit
501 2670 635 2724 propositum,
653 2670 699 2723 quia
717 2680 759 2710 non
773 2669 898 2712 intellexeris
914 2676 976 2725 atque
990 2671 1076 2726 ignores
1112 2719 1114 2721 ¹

113 2746 168 2787 vitae
183 2755 244 2784 meae
258 2742 367 2799 rationem,
391 2743 425 2797 qui
444 2754 497 2797 pane
514 2741 559 2784 solo
577 2746 598 2782 et
617 2740 674 2782 olivis
694 2745 752 2793 utor,
771 2752 861 2796 rareque
883 2740 983 2797 oleribus,
1000 2742 1076 2797 quique

88 2815 260 2863 eovestimentum
276 2813 394 2866 acpallium
410 2814 477 2856 liabeo
494 2813 534 2855 lioc
549 2812 669 2866 ipsumque
690 2811 775 2853 amictus
791 2824 844 2868 sum,
869 2811 943 2854 etalio
966 2824 1018 2867 opus
1035 2823 1075 2854 non

145 2949 163 2985 1.
194 2940 424 3015 ιοβτ..ς[εἰο)ρισ
441 2940 511 2995 τούτῳ,
529 2935 544 2994 ᾧ
561 2942 582 2981 Ο.
639 2945 656 2980 5.
688 2936 793 3008 ’σ’ψαΕρίῐ.
810 2955 825 2981 c,
845 2943 946 2991 treet),
963 2936 1041 2998 βψηῦ.

143 3012 163 3045 2
192 3001 279 3044 πάντοτε
277 3000 364 3043 σο.ιο
639 3005 657 3039 6.
687 3002 779 3053 τεχνικῶν
794 3003 842 3052 Epit

143 3068 161 3103 3.
192 3060 279 3116 εὐσεβῶς
294 3061 415 3103 συνοὸευετιο
432 3063 502 3103 om.0
532 3063 582 3101 Idem
637 3062 657 3098 7
687 3055 883 3112 e'neednlumdemvS.

114 3123 213 3162 lunatae
230 3123 275 3161 Cod.
290 3123 336 3172 Ηυξ.
353 3125 406 3172 804,
422 3120 497 3162 λνιιυυι
513 3122 533 3170 C,
549 3120 582 3160 λυ·
637 3120 656 3156 8
685 3115 767 3170 ιιληνει
781 3123 827 3162 Cod
843 3121 1074 3169 acaemetarum

113 3195 175 3233 πησαι
189 3182 236 3230 Epit.
253 3194 268 3220 c.
286 3185 320 3221 73.
606 3174 697 3217 συνιέντα
712 3177 758 3228 cpit.

142 3244 162 3279 l.
190 3241 305 3289 trauntur.
322 3235 535 3292 σ.,ῶιισλιιιῶνῦΟ.
638 3241 654 3277 3.
685 3238 778 3278 τοῦτοῦ.
