2276 3612
555 226 595 269 361
890 226 953 275 XVIII,
971 230 1003 267 ιο,
1022 229 1054 264 ιι.

92 360 142 393 ναι,
165 335 205 384 oda
222 336 251 385 σίν
266 339 382 400 ἐβουλήθη
398 338 434 386 dut
451 340 492 395 τῆς
511 336 631 398 οίριστεροίς
654 353 698 392 τοῖς
721 342 799 394 aaaron
822 340 890 383 τοῦτο
906 339 1018 396 (λυθῆναι,
1040 340 1055 396 ξι

92 411 147 469 λόγοι
163 409 174 455 ὁ
190 406 250 467 παροί
267 413 364 458 κλέπτου
380 431 402 457 τι
418 407 495 468 λαβοίν
510 412 545 456 nat
563 408 631 462 αὐτὸς
647 412 782 462 ιίπειίθυνός
798 416 865 457 ἐστιν.
900 408 956 455 ὥστε
972 406 1055 454 τούτου

93 488 168 527 cnecon
184 478 208 525 τὸ
223 479 268 527 dud
284 484 326 527 σου
342 482 469 541 φερόμενον
486 476 526 526 oda
544 478 656 539 ἦθέλιγσιν
672 479 757 532 αὐτούς
771 485 862 541 λαβεῖν,
886 476 943 526 ditat
962 475 998 524 did
1015 480 1056 523 τού

93 554 124 601 εἰς
140 547 165 595 τὸ
181 549 373 598 οίποταλιίπτειν1
394 549 519 609 οίρισγιένου
541 555 600 598 niori.
638 555 683 598 τίνι
705 548 748 610 γοίρ
771 551 863 610 ιιίλογόν
885 557 946 596 ἐστιν
967 547 1056 596 cimone-

92 619 189 667 λυπτοιν
204 618 243 665 τὸν
259 624 357 678 πατέρα,
380 620 394 680 ἦ
407 623 454 680 ,υἱοί
473 618 546 679 μόνῳ,
569 621 604 669 dici
625 619 650 668 nd
671 624 757 668 εἰδέναι
777 625 816 680 τῆς
836 621 945 680 τοιαύτης
967 619 1072 667 οἴσοντα-5

94 689 210 747 actricem
224 687 265 736 adn
279 691 354 744 duom·
378 692 448 742 οιίτοις
471 689 512 738 ουίι
532 684 578 739 ἐστι
600 697 670 740 τούτο
690 691 813 746 diddEco’x
799 712 813 751 ιγ
836 694 984 753 catarnaum,
1008 688 1055 738 αλλ’

92 759 196 821 α’ρροίοτιγ
211 765 264 823 χειρί
281 759 477 827 ἀποκαλυφθῆναι
492 765 606 809 cadrocino
623 767 706 810 εἰδέναι
723 760 782 823 οίξίῳ.

150 833 183 876 ΧΙ.
214 832 453 892 ΚαλόΣίγλιιανέφΓγ
471 829 529 878 πολιί
546 851 572 879 συ
574 834 651 891 ιβα
654 852 703 879 aaut
720 851 776 890 προς
791 849 857 889 νιιιιγν
872 851 901 877 τιο
894 834 1053 890 πολογιουντι

92 922 118 947 το
113 899 199 951 idiote
214 901 341 962 χρήσασθαι
357 903 444 954 ὅπλοις
474 900 543 962 ὃγοίρ
561 906 620 961 φιλεῖ
634 922 679 957 τις,
698 905 735 949 τοί
755 903 850 961 γνησίας
869 903 960 947 ἐκδικεῖν
982 901 1054 948 ddcc-

93 993 142 1026 ται,
156 974 250 1030 γνησίοις
267 972 290 1017 di
305 973 464 1031 εἰιιλιιιοιλγιενον
480 970 507 1019 ου’
522 970 565 1031 τήν
580 976 695 1035 τυχοασαν
711 973 776 1034 ἰσχιίν
792 978 844 1033 ἔχει,
876 971 909 1018 διὸ
923 974 963 1017 τοῦ
973 974 1055 1017 λοιποιί
1061 984 1081 1019 10

92 1042 148 1102 ὅπερ
163 1040 231 1091 ὄντας
247 1047 321 1122 monaci
337 1040 472 1102 ἐνθήσομαι.
510 1047 569 1102 φιγγιί
590 1062 654 1106 τινα.
668 1045 771 1102 ιλιίναγιιν
794 1049 817 1090 ἐν
837 1042 976 1101 οίπορρήτοις
997 1045 1055 1089 εἶναι

93 1113 209 1196 ίίγνιοστον
226 1114 294 1165 πασί,
310 1116 346 1158 ταί
363 1110 424 1160 αὐτοί
439 1133 468 1174 τῳ
460 1112 659 1175 δημιουργῷ,
643 1134 673 1167 οις
688 1118 725 1162 ναὶ
743 1113 835 1165 αὐτόςὸ
850 1109 977 1171 Ἰησους
960 1132 1056 1172 οιριγιιεν,

94 1203 135 1232 ουιι
151 1183 328 1241 ἐπισταγιονοςὸ
347 1187 479 1242 ἐφθέγξατο.
516 1191 538 1231 εἰι
562 1187 721 1237 πολυλαλιοίς2
739 1183 783 1274 γοίρΙ
804 1186 877 1231 ἐνίοτε
900 1182 1001 1271 ουότογεῑ
1022 1204 1056 1236 τις

95 1251 150 1311 πρὸς
165 1249 190 1298 τὸ
205 1253 300 1309 αλιγθές,
316 1253 356 1300 οὐν
373 1252 484 1304 erdere
448 1273 459 1299 ο
483 1258 540 1312 ἐγει.
571 1257 625 1313 λέγοι
642 1258 666 1302 (λέ
683 1258 718 1301 ταί
734 1257 785 1314 περί
801 1254 896 1310 τούτου,
912 1258 940 1301 οὐ
957 1259 1055 1314 simoniaca

94 1322 190 1374 ουίλελς
183 1329 238 1380 έγνοι
252 1321 293 1368 τὸν
311 1326 405 1381 πατέρα
442 1327 478 1370 ταί
501 1321 513 1370 ct
533 1327 632 1383 Πέτρος
655 1326 682 1372 ου’
705 1324 734 1372 τοί
757 1328 843 1372 ἐκείνου
865 1327 951 1372 εἰδέναι
973 1328 1079 1383 ranacario

95 1397 238 1454 ἐπαγγέλλοι).
267 1397 304 1440 nai
321 1391 333 1439 d
349 1396 455 1452 Σίγιοιν·5
481 1395 509 1442 τοί
524 1397 611 1442 ἐκείνου
629 1393 666 1443 oda
681 1400 849 1455 ἐπαγγέλλομαι
872 1394 999 1449 πιστεύειν,
1023 1399 1055 1444 εἰς

95 1469 117 1513 dt
133 1465 161 1513 τοί
178 1467 359 1526 ε’τιιτουχθέντοιλ
375 1462 434 1524 αὐτῷ
450 1467 583 1524 λιαλέγογιαί
600 1486 642 1513 σοι.
673 1469 708 1513 ταί
725 1465 736 1512 ὁ
753 1469 850 1524 Πέτρος·
871 1472 909 1512 ἵνα
925 1466 959 1524 γιή
975 1484 1010 1510 σοι
1026 1458 1054 1510 dci

94 1536 209 1595 πρόφασιν
225 1538 256 1585 οἷς
279 1533 366 1592 φυγήν,
385 1532 470 1595 ζιγτιγσιο
490 1554 524 1581 σοι
546 1534 574 1586 τίς
595 1538 677 1586 θέλοις.
717 1535 777 1595 πλὴν
799 1536 948 1594 γιαρτιίρογιαι
967 1535 1057 1586 πάντας

95 1606 129 1652 ὅτι
146 1605 198 1653 ουίλὲ
214 1603 241 1649 ὃν
262 1608 307 1650 ναν
327 1610 382 1662 dene
398 1603 466 1664 λόγον
491 1604 518 1651 οὐ
540 1607 664 1658 πιστεύεις.
699 1606 765 1652 oidc⁵
786 1604 830 1666 γοίρ
850 1607 864 1651 d
886 1618 981 1664 φρονεῖς.
1021 1609 1058 1652 ναί

96 1759 152 1801 esse,
168 1746 188 1787 id
203 1747 267 1788 noluit
281 1759 319 1801 per
333 1747 435 1790 sinistram
451 1748 527 1792 dextris
544 1749 597 1805 dari,
621 1763 661 1805 qua
675 1752 766 1806 ratione,
782 1751 817 1804 qui
838 1750 912 1804 aliquid
929 1763 940 1791 a
956 1749 1002 1792 iure
1018 1753 1081 1792 ιιι-20

95 1818 150 1873 cipit,
167 1823 186 1859 et
201 1818 244 1871 ipse
259 1830 308 1860 reus
325 1823 361 1859 est.
401 1818 470 1873 ltaque
494 1832 538 1870 eam
555 1821 580 1861 oh
598 1833 681 1863 causam
700 1821 755 1875 quod
772 1833 782 1861 a
798 1825 818 1862 te
834 1819 972 1875 afferebatur,
992 1822 1056 1863 notuit

95 1901 132 1931 eos
148 1890 251 1943 accipere,
272 1889 308 1930 sed
323 1902 360 1943 per
375 1889 445 1945 fitium,
473 1892 507 1945 qui
524 1892 548 1932 ad
564 1892 698 1934 revelandum
715 1892 846 1947 praestitutus
867 1896 904 1933 est.
943 1890 980 1932 Cui
1003 1892 1056 1932 enim

95 1960 191 2020 convenit
205 1959 285 2000 Patrem
300 1960 404 2016 revelare,
420 1967 564 2016 praeterquam
580 1964 619 2005 soii
633 1963 682 2019 filio,
699 1965 746 2018 quia
760 1964 778 2005 is
788 1963 822 2004 tati
835 1963 962 2005 revelatione
971 1962 1056 2017 dignum

95 2030 218 2085 cognoscit?
249 2029 282 2072 Sic
298 2043 338 2072 non
355 2038 385 2073 est
400 2032 439 2074 hoc
455 2033 532 2075 docere
548 2040 582 2076 aut
598 2035 681 2090 doceri,
702 2035 739 2076 sed
759 2033 855 2075 ineiiabiii
874 2046 935 2075 manu
952 2035 970 2075 ei
990 2046 1055 2074 reve-

94 2101 140 2156 lari,
157 2102 190 2155 qui
204 2100 252 2142 illud
267 2102 321 2143 scire
337 2101 411 2155 dignus
426 2104 457 2145 sit.
1060 2111 1079 2143 ιι

151 2171 184 2214 XI.
214 2172 239 2214 Et
254 2171 334 2215 Simon:
350 2174 439 2229 muitum,
455 2175 525 2230 inquit,
541 2175 638 2218 conducit
653 2175 677 2216 ad
693 2176 800 2218 victoriam
813 2175 838 2229 ei,
854 2174 888 2228 qui
905 2174 979 2215 beilum
996 2175 1055 2230 gerit,

94 2244 181 2298 propriis
197 2244 226 2285 nti
240 2245 308 2286 annis.
340 2244 398 2293 Quod
414 2246 467 2286 enim
483 2247 527 2300 quis
543 2252 603 2302 amat,
620 2249 680 2289 etiam
695 2248 775 2290 sincere
791 2250 860 2300 potest
871 2244 995 2286 defendere:
1010 2246 1055 2287 siu-

95 2327 143 2357 cere
160 2319 227 2356 antem
248 2315 356 2357 defensum
379 2327 420 2357 non
442 2316 548 2371 vulgarem
569 2318 609 2358 vim
630 2317 697 2360 habet.
738 2318 787 2360 Ideo
808 2318 905 2373 deinceps
929 2318 985 2373 qnod
1005 2330 1055 2359 vere

95 2388 160 2430 sentio
181 2399 289 2440 exponam.
329 2388 368 2428 Aio
391 2388 525 2441 qnamdam'
520 2401 540 2429 m
561 2390 641 2431 arcanis
657 2390 753 2432 virtutem
770 2403 829 2441 csse,
853 2391 932 2432 cunctis
956 2391 1054 2445 ignotam,

93 2458 131 2511 ipsi
147 2470 229 2511 quoque
245 2457 314 2498 mundi
330 2458 406 2512 opifici,
422 2459 500 2500 sicute
489 2460 567 2513 etipse
582 2459 644 2501 iesus
660 2459 718 2516 dixit
741 2462 836 2503 nesciens
857 2461 905 2515 qnid
926 2461 1054 2516 loqueretur.
1060 2465 1079 2499 tt

94 2528 195 2570 Interdum
212 2528 265 2569 enim
281 2541 308 2569 en
323 2530 449 2583 multiloquio
466 2531 537 2585 aliquis
553 2543 639 2584 scopum
661 2533 750 2573 veritatis
771 2534 860 2587 attingit,
883 2534 983 2587 ignorans
1007 2534 1053 2588 qnid

94 2601 152 2642 dicat.
182 2599 275 2653 intelligo
292 2605 360 2642 antem
376 2601 436 2642 etde
452 2602 496 2656 iilo,
512 2603 568 2657 qnod
584 2603 737 2656 pronunciavit:
761 2618 820 2645 ιιοιηο
835 2605 893 2646 coeit
906 2605 994 2646 Patrem.
1029 2605 1054 2646 Et

94 2673 174 2714 Petrus:
190 2683 216 2712 ne
231 2670 316 2723 amplius
330 2671 458 2725 profitearis,
473 2678 494 2714 tc
509 2673 561 2715 iilius
578 2673 691 2714 doctrinam
707 2685 844 2728 cognoscere.
876 2675 901 2716 nt
915 2675 993 2718 Simon:
1009 2676 1053 2730 ejus

95 2743 207 2784 doctrinam
223 2753 263 2782 non
278 2741 377 2795 profiteor
392 2747 431 2786 me'
441 2743 537 2799 credero,
554 2750 574 2787 at
590 2745 615 2786 de
630 2746 666 2800 iis,
682 2746 702 2786 in
718 2758 772 2799 qnae
788 2759 838 2788 casu
853 2746 933 2801 incidit,
959 2746 1052 2788 edissero

94 2814 135 2856 tibi.
167 2814 216 2854 Tum
231 2812 313 2854 Petrus:
328 2825 355 2854 ne
371 2814 417 2856 dem
432 2816 468 2857 tibi
482 2821 610 2870 praetextum
625 2817 650 2857 ad
665 2816 746 2872 fugam,
762 2818 905 2871 quaestionem
922 2822 989 2858 tecum
1012 2817 1078 2858 ira-35

94 2886 148 2929 bebo
165 2886 216 2928 sicut
234 2885 270 2926 vis.
309 2885 454 2929 Verumtamen
475 2899 545 2932 omnes
565 2894 640 2944 testor,
665 2888 720 2942 quod
738 2901 807 2944 neque
827 2889 892 2944 illum,
916 2900 976 2942 quem
997 2900 1053 2930 nunc

126 3056 142 3089 1,
173 3053 207 3089 Ριο
233 3050 298 3088 litteris
321 3064 375 3090 ποκα
400 3055 452 3092 vocis
483 3051 559 3094 ἀπονα-
613 3057 632 3092 3.
662 3056 710 3094 Vbh.
727 3051 761 3095 καί
776 3052 786 3095 ὁ
802 3052 871 3107 Σίμων
887 3067 922 3093 om.
939 3054 960 3092 Ο,
988 3061 990 3065 ”

95 3109 173 3151 iciuraa
196 3110 213 3146 in
236 3110 250 3146 0
274 3110 350 3160 spatium
381 3120 456 3162 apparet
478 3127 558 3155 vacuum.
612 3117 630 3152 4.
663 3113 859 3168 έιιιτετοοχθέντοῦ,
872 3111 1053 3166 ἐσιτετοογμέναὸ.

94 3170 186 3220 luponio
202 3174 251 3217 post.
614 3174 633 3210 5.
665 3171 718 3214 οἶδεν
734 3174 754 3211 0.

124 3234 143 3268 2.
173 3224 295 3279 πολυλογίας
311 3227 332 3265 0.
694 3247 696 3255 ι
