2276 3612
107 203 198 253 xviia.
216 207 235 244 a.
567 204 609 255 334

109 314 183 364 elada
200 319 272 377 λέγειν
288 313 342 374 πρὸς
358 313 441 371 αὐτόν,
457 317 505 364 ov'd'
521 318 600 367 ὁτιοῦν
616 314 647 366 ὧν
663 323 720 381 λέχει
740 317 843 365 ἐπανοιλα
854 320 869 362 ¹.
903 321 951 366 ἐπεὶ
973 315 1014 365 οὖν
1037 321 1071 368 εἰτ’

101 386 179 435 δλλον
193 387 256 441 τινος
270 384 360 431 τοιοῦτό
376 404 397 431 τι
414 387 443 433 ον’
459 386 549 451 πάσχω,
564 389 579 449 ἢ
595 389 628 437 ἐπ’
646 390 718 438 αὐτοῦ
735 388 820 446 μόνον,
843 392 891 440 πως
906 386 957 451 ον’χλ
971 392 1070 449 μαχεαό-
1137 429 1138 432 ¹

50 496 52 501 .
109 478 180 514 μενος
195 455 235 504 ὑπ’
251 454 323 501 αὐτοῦ
339 454 452 518 τνχχοίνω,Ι
475 453 500 502 ad
517 458 599 513 δὲδτι,
615 458 630 506 δ
639 459 694 508 2·ο’ἰν
709 457 810 517 διδδσιιη,
826 459 1008 518 εἰδωλολατρείας
1024 462 1070 520 χεί-

110 530 165 586 ρονα
181 534 252 580 ἐστιν,
274 530 303 584 τῷ
318 543 343 584 χε
359 527 417 572 νοῦν
439 532 528 588 ἔχοντι,
550 533 608 587 ε’μοιλ
631 531 778 590 μηνύσαντος
798 532 867 584 σαφὲς
887 534 957 574 ἔσται,
996 524 1070 576 οὐδὲν

85 610 95 640 5
109 597 151 657 χεὶρ
168 605 245 656 ἕτερον
260 595 408 655 ω’φεληδηναλ
423 599 509 653 ἐστινὸ,
523 601 537 658 ἢ
553 597 579 646 uti
594 599 639 660 την
654 599 728 663 φνχην
737 594 830 645 εἰδώλων
841 601 999 646 παντοδαπῶν
1010 603 1070 647 ἑλεν-

109 671 179 726 adque
194 669 309 726 χενδσδαι.
340 671 501 728 φανταζομὲνη
516 667 559 729 χολρ
575 673 632 723 εἶδος
648 673 760 730 δεσμειῗται
777 669 845 729 propior,
862 672 898 716 καὶ
915 671 1017 729 φροντίδι
1029 675 1070 717 τοι]

108 746 193 784 παθεῖν
209 756 230 783 τι
245 738 396 795 μαραίνεται,
412 741 449 785 uni
465 738 752 802 ditatoopa'uqdmpouqii,
768 742 802 786 καὶ
817 740 947 799 δαιμονσλσα
957 751 1003 792 τοῖς
1013 744 1070 787 πολ-

107 809 152 857 λοῑς
167 818 290 865 σωφρονεῖν
305 807 369 853 δοκεῖ.

164 879 196 924 ΠΙ.
230 880 304 923 Τοῦτο
320 877 375 935 ὑμῖν
394 881 479 936 Πέτρος
495 879 612 942 ὑποσχέσει
627 885 670 928 τοι]
686 883 831 939 σωφρονίζειν
847 881 944 941 παρέχει.
980 880 1070 939 προφολ-
1137 893 1138 918 ³

82 960 139 993 λοοει
155 945 197 1005 γδρ
213 947 263 999 ἑνὸς
280 950 341 995 &aad
357 950 418 996 deaei
429 953 473 1005 μὲν
488 948 549 1007 tipario
572 954 660 1004 πολλῶν
681 951 775 1012 ἀψύχων
798 949 951 997 ἀπαλλάσσειν
967 951 1070 1005 εἰδώλων,
1137 957 1138 980 ³

107 1016 121 1062 δ
138 1017 165 1064 ori
181 1017 243 1065 πάνυ
258 1016 315 1071 cotie
332 1022 442 1078 σέβοντας
459 1018 541 1074 ridebat,
561 1025 591 1080 cpi
613 1020 691 1072 αὐτοῖς
707 1020 855 1078 toaclam&
875 1019 973 1079 ὁρᾶσθαι
990 1022 1069 1066 λίθινα

106 1087 162 1135 ὄντα
178 1087 192 1147 ἢ
208 1087 290 1151 χάλκεα
306 1087 319 1147 ἢ
335 1087 434 1149 χρύσεα6
460 1088 474 1146 ἢ
497 1092 531 1135 uui
555 1095 576 1144 ἐξ
596 1090 664 1150 δλλιμ
686 1089 748 1142 τινὸς
764 1087 855 1150 dolique
876 1089 940 1149 ὕλης.
974 1088 1008 1136 διδ
1023 1092 1070 1150 rpi⁷
1137 1103 1138 1151 ξ

107 1161 202 1214 εἰδέναι,
217 1159 252 1206 ὅτι
268 1158 293 1204 ad
307 1158 455 1217 βλεπόμενον
472 1156 538 1205 οὐδέν
553 1165 626 1209 ἐστιν.
644 1160 686 1221 οὐχ
702 1158 784 1218 ὁμοίως
797 1162 828 1218 τφ
846 1159 916 1219 ὁρατῷ
933 1157 978 1206 ὑπὸ
995 1160 1069 1220 φόβον
1137 1154 1138 1157 ¹

107 1233 293 1287 φαντασιοιλσδαι
308 1226 404 1275 δύναται
419 1231 432 1288 ἡ
449 1228 517 1291 ψυχή.
553 1230 631 1290 πλανφ
652 1233 674 1279 δὲ
691 1232 821 1290 διδασκαλία
841 1234 873 1281 εἰς
894 1228 992 1289 φοβερὸν
1010 1230 1069 1278 Θεὸν

81 1298 271 1360 ισιλποβλὲπσνσα
287 1302 331 1346 των
346 1297 403 1345 nord
420 1298 490 1357 φύσιν
513 1298 686 1358 ἐνβαθρειλεται.
723 1303 758 1347 noi
780 1301 853 1345 ταντα
875 1297 916 1358 ὲχαλ
939 1301 1005 1357 λέγω,
1029 1301 1068 1361 οὐχ

106 1369 140 1415 ὅτι
156 1370 218 1429 ripario
233 1370 312 1416 εἴδωλα
329 1370 405 1427 σέβειν
421 1372 536 1426 παραινῶ,
557 1368 605 1416 αλλ’
621 1367 656 1416 ὅτι
675 1372 759 1429 Πέτρος
782 1367 885 1427 φοβερῶν
901 1369 984 1416 ἰδεῶν8
998 1372 1068 1417 denaia

107 1438 262 1487 ιῖπιιλλιλσοειν
278 1437 344 1497 ιλμων
360 1436 400 1490 ede
415 1437 499 1500 ψυχάς,
515 1441 654 1500 φοβερωτέρα
670 1440 733 1498 ἰδὲρι9
748 1437 789 1486 τὸν
801 1446 896 1486 ἑλιαστον
906 1437 971 1497 ὑμῶν
987 1445 1068 1487 ἐνθαν-

108 1515 160 1558 σιοὶν
175 1521 237 1556 ποιεῖ
250 1513 320 1563 ocor,
336 1507 395 1556 Θεὸν
411 1514 434 1555 ἐν
450 1512 528 1569 μορφῇ
545 1510 719 1568 εἰσηγούμενος,
740 1513 775 1557 noi
798 1512 871 1555 conica
888 1509 957 1568 δαρως
974 1511 1069 1565 δίκαιον,
1136 1515 1138 1523 ²

106 1654 175 1708 quium
191 1665 236 1695 cum
252 1664 288 1706 eo,
304 1651 467 1706 necquidquam
485 1663 568 1707 eorum,
592 1665 645 1706 quae
666 1651 713 1692 dicit
736 1650 804 1692 audio.
842 1652 927 1700 Quando
949 1655 1000 1708 ergo
1020 1653 1069 1695 nihil

79 1723 207 1777 aoejusmodi
223 1735 269 1764 cum
285 1722 325 1762 ullo
343 1721 382 1763 alio
398 1721 473 1775 patior,
491 1733 550 1775 quam
567 1733 612 1762 cum
628 1722 661 1763 illo
677 1721 734 1775 solo,
756 1733 795 1774 qua
818 1723 897 1764 ratione
918 1735 959 1764 non
978 1736 1022 1765 sum
1039 1724 1064 1765 ab

105 1807 130 1836 eo
146 1793 276 1836 incantatus?
308 1792 356 1833 lilud
374 1804 436 1846 vero,
453 1791 520 1846 quod,
538 1805 591 1846 quae
605 1792 677 1846 docet,
699 1793 770 1846 pejora
787 1792 827 1833 sint
842 1792 965 1848 idololatria,
987 1795 1064 1836 clarum

104 1867 141 1908 crit
157 1871 245 1908 mentem
262 1864 352 1916 babenti,
369 1868 476 1918 postquam
493 1862 617 1904 indicavero.
647 1862 704 1904 Nulla
722 1863 774 1904 enim
791 1862 828 1902 alia
845 1864 918 1906 utilitas
941 1870 980 1921 est,
1004 1878 1064 1919 quam

103 1942 124 1978 ut
141 1939 206 1978 anima
223 1935 338 1990 omnigenis
354 1933 411 1975 idolis
422 1933 486 1974 libera
502 1932 606 1976 reddatur.
642 1932 693 1974 Nam
709 1931 798 1986 speciem
817 1933 928 1993 imaginata
947 1936 1021 1977 timore
1036 1935 1064 1976 li-

103 2013 174 2064 gatar,
191 2013 211 2050 et
226 2007 313 2048 credens
329 2018 351 2048 se
368 2005 441 2060 aliquid
458 2005 507 2060 pati,
526 2004 634 2059 elanguet,
658 2009 678 2045 et
693 2004 803 2058 alienatur,
827 2017 864 2047 seu
881 2019 891 2047 a
908 2006 1013 2048 Daemone
1029 2006 1063 2047 in-

79 2080 164 2134 aasanit,
181 2091 205 2120 ac
222 2077 358 2120 daemoniaco
374 2076 446 2118 furore
462 2080 558 2129 correpta
575 2075 640 2116 multis
658 2074 726 2115 sobria
741 2073 829 2116 videtur.

159 2149 190 2192 tlt.
219 2149 241 2191 ld
256 2149 315 2191 vobis
330 2147 401 2190 Petrus
416 2151 518 2201 praestat,
538 2145 651 2200 pollicendo
668 2145 771 2198 sapientes
787 2144 862 2188 faeere.
903 2147 1012 2189 Praetexta
1035 2147 1065 2189 si-

103 2220 186 2276 quidem
202 2220 262 2262 unius
277 2218 315 2259 Dei
331 2217 411 2259 videtur
429 2216 511 2271 quidem
534 2216 622 2257 liberare
644 2227 681 2256 vos
701 2214 768 2256 multis
784 2215 849 2256 anima
866 2217 982 2259 carentibus
998 2217 1063 2271 idolis,

103 2303 155 2345 quae
171 2303 213 2333 non
229 2289 312 2330 multum
327 2293 404 2330 nocent
420 2287 544 2341 cultoribus,
560 2285 615 2340 quod
631 2285 680 2338 ipsis
702 2284 765 2326 oculis
786 2291 898 2328 cernuntur
914 2299 960 2329 esse
976 2287 1061 2343 lapidea,

102 2362 136 2404 vel
151 2374 226 2415 aenea,
241 2360 273 2402 vel
289 2371 362 2413 aurea,
378 2359 411 2401 rel
425 2372 451 2400 ex
466 2358 503 2400 alia
521 2357 607 2412 quadam
624 2356 711 2396 inanima
727 2356 818 2396 materia.
849 2356 918 2404 Quare
933 2369 979 2399 cum
996 2360 1061 2400 anima

77 2433 164 2488 nesciat,
181 2431 199 2473 id
222 2430 274 2485 quod
290 2430 390 2486 cernitur,
407 2429 454 2470 nibil
470 2441 527 2483 esse,
548 2439 590 2470 non
606 2426 664 2468 simili
681 2425 742 2466 modo
764 2437 800 2478 per
821 2427 945 2479 aspectabile
960 2440 971 2469 a
987 2429 1061 2471 timore

101 2507 170 2556 potest
185 2500 362 2555 imaginationibus
379 2499 452 2541 deludi.
483 2498 509 2540 Ar
524 2498 589 2539 fallaci
606 2496 700 2538 doctrina
716 2495 801 2548 decepta
819 2495 864 2537 dum
874 2498 984 2540 terribilem
995 2499 1060 2540 Deum

101 2572 192 2627 respicit,
209 2584 235 2613 ex
251 2572 274 2614 iis
290 2583 342 2624 quae
358 2576 429 2612 natura
445 2569 506 2610 babet
522 2568 598 2610 excidit
612 2567 708 2608 funditus.
738 2564 807 2619 Atque
822 2565 873 2608 baec
883 2568 936 2623 dico,
952 2582 993 2611 non
1005 2570 1060 2624 quod

100 2643 154 2685 idola
171 2642 242 2685 colere
262 2640 369 2696 suadeam,
393 2640 429 2683 sed
447 2640 494 2694 quia
510 2640 592 2692 Petrus,
613 2638 660 2679 dum
681 2636 762 2677 videtur
783 2637 860 2680 animas
881 2644 960 2681 vestras
979 2640 1060 2693 eripere

100 2712 262 2754 formidabilibus
277 2711 396 2766 speciebus,
412 2715 501 2752 mentem
517 2708 679 2763 uniuscujusque
697 2712 788 2749 vestrum
804 2707 925 2751 formidabili
945 2710 990 2751 idea
1007 2710 1058 2752 red-

76 2785 129 2826 abdit
144 2783 263 2836 fanaticam,
279 2780 343 2822 Deum
358 2781 377 2822 in
394 2781 458 2823 forma
475 2779 615 2834 introducens,
631 2790 720 2832 erunque
737 2790 815 2819 summe
821 2780 905 2835 justum,
923 2781 1058 2834 quamideam

131 2915 148 2949 1.
179 2912 204 2948 lin
226 2909 240 2947 Ο
262 2914 280 2947 et
301 2919 324 2945 ex
345 2910 423 2956 conject.
447 2910 468 2958 G,
491 2908 508 2945 in
532 2909 566 2955 cuj.
593 2920 647 2945 νειαι
664 2899 697 2944 καὶ
712 2901 857 2959 dilatabunt}
874 2908 960 2960 δαιμονᾷ
976 2910 995 2947 0.

622 2967 641 3003 5.
671 2960 772 3016 ὀφθαλμώ
789 2964 810 3003 Ο.

622 3028 640 3061 6.
669 3021 744 3074 χαλκέα
759 3019 770 3075 ἢ
784 3022 859 3078 χρυσέα
877 3024 898 3061 0.

101 3088 146 3125 God.
159 3089 211 3126 llom.
226 3083 331 3124 Parisieusi.
357 3079 513 3137 εἰδωλολατρίας
528 3083 550 3123 Ο.
621 3084 639 3119 7.
669 3079 697 3130 τῷ
711 3082 723 3119 S
739 3082 763 3132 0,
778 3078 801 3121 ιδ
819 3083 839 3119 C.

131 3149 149 3183 3.
179 3141 310 3196 ὠφεληθῆναι
325 3138 378 3181 ἔστιν
393 3142 413 3179 S.
620 3142 639 3177 8.
670 3135 736 3179 eidemin
752 3142 771 3180 G.

132 3206 150 3240 4.
180 3197 213 3242 aui
229 3199 333 3257 φρονοῦσα
349 3195 446 3239 εὐπαθεῖν
460 3214 478 3239 τι
492 3197 564 3254 μαραί-
620 3201 637 3236 9.
669 3193 720 3250 itata
737 3200 755 3237 G.

99 2975 149 3010 textu
164 2965 276 3008 ἐπακούων.

129 3034 148 3068 2.
179 3023 192 3066 ἃ
209 3028 258 3075 conj.
274 3026 287 3063 G
304 3024 417 3073 approbante
433 3026 458 3063 O:
480 3026 532 3063 deest
548 3025 566 3062 in
