2276 3612
76 211 90 259 r,
106 213 126 250 4.
142 211 160 248 e.
203 193 204 196 ’
540 208 569 251 28

75 321 204 381 δυνήσομαι
219 327 261 372 τού
277 325 364 372 (λιιαίου
379 321 456 387 χάριν,
472 330 503 378 ιίς
519 325 604 385 dilapido
620 326 699 373 c'lrrldo
715 321 816 381 οἷφοροῖνι
835 325 879 368 arie
895 322 937 369 ceni
954 321 1030 379 calne-

73 406 209 453 νοςνρατεῖν
224 394 323 455 adorabat
338 392 386 443 αλλ’
398 394 449 445 odda
464 400 487 445 τί
502 399 558 444 ποτὲ
573 400 715 446 ἐστιιλιίιαιον
731 394 843 452 οίροοιιον1
860 394 905 454 Θεῷ
916 394 1030 449 πεπληρο-

74 463 188 523 φόρογμαι,
203 466 258 514 οὔτε
272 469 291 512 εἰ
306 464 320 525 ἡ
334 464 395 529 ψυχὴ
410 467 527 519 οἶθοὶνατος
543 467 557 527 ἢ
573 466 649 528 θνητὴ
663 464 770 526 γινώσκω·
793 462 845 510 οὔτι
861 483 894 515 τις
910 463 974 522 λόγος
990 462 1030 519 βέ·

73 537 140 593 platos
159 536 283 594 εὑρίσκεται
288 572 295 592 ‚
310 536 364 583 οὔτε
378 542 422 585 τοῖν
437 539 547 587 τοιούτων
563 540 677 599 λογισμῶν
692 533 809 597 ἡσυχάζειν
825 535 934 599 (λύναμοιι.

48 608 58 640 ὖ
132 608 154 651 V.
188 608 217 652 Τι’
232 601 273 652 οὖν
288 606 330 668 χρή
345 619 417 655 ποιεῖν
432 607 446 665 ἢ
461 612 559 664 τοὺτσῖ,Ι
577 615 608 660 εἰς
624 609 743 667 Αἴγυπτον
759 603 912 663 πορεύσομαι,
932 606 969 669 παλ
985 613 1030 652 τοῖς

72 677 118 722 τῶν
134 674 223 723 οἷιλίλτοιν
239 674 384 734 ἱεροφολυταις
397 680 439 723 „a
455 682 491 725 παλ
509 680 635 739 προφήταις
651 673 830 736 φιλιωιλιγσσμαι,
845 678 881 722 ααὶ
897 672 974 734 μολγον
991 680 1030 731 ζτγ·

72 747 142 806 τιγσας
158 748 192 792 ααλ
210 742 280 803 ου’ρολν
300 744 400 809 χρήμασι
420 751 512 800 πολλοῖς
532 741 613 800 πείσαι,
634 746 694 797 ὅπως
716 749 789 807 ψυχῆς
807 744 962 803 ολναπομπήν,
987 742 1029 803 τήν

72 818 197 874 λεγομένην
213 817 411 875 νοιιρομαντειάνψ
432 816 531 880 ποιήσῃ,
554 821 612 875 ε’μοιῖ
628 816 655 868 ale
671 819 721 876 περὶ
737 816 872 874 πράγματός
893 834 956 866 τινος
971 834 1030 862 πυν-

71 888 211 944 θανομένου·
228 883 243 944 ἡ
257 888 280 933 db
290 890 369 938 ποσσις
380 892 443 934 ἔσται
457 891 507 947 περὶ
524 890 565 935 τοῦ
581 895 669 947 μαθεῖν
685 890 711 932 εἰ7
720 882 839 936 ἀθάνατος
853 883 867 944 rp‘
885 884 952 946 νιν-χὴ.
982 883 1030 943 ridi

45 959 63 993 10
70 957 109 1012 τῆς
124 958 197 1016 ψυχῆς
208 953 340 1016 ολπόαρισις,
354 954 389 1002 ὅτι
405 955 524 1009 οἷθολνατός
537 964 606 1011 ἐστιν,
623 955 664 1003 orla
680 960 702 1002 ἒιι
719 958 760 1001 τοτ’
776 958 870 1015 λαλήσαι
886 953 946 1014 chael
961 955 1031 1003 αἰιου-

70 1044 107 1073 σαι
119 1026 202 1072 actast
217 1045 257 1084 μοι
272 1030 364 1086 γνῶναι,
380 1025 427 1074 αλλ’
437 1034 459 1074 ἐπ
474 1032 516 1075 τού
531 1028 637 1087 ὀφθῆναι
652 1028 734 1085 μόνον,
751 1032 788 1072 ἵνα
806 1025 883 1076 ου’τοῖς
898 1023 1034 1084 ὀφθαλμοῖς

68 1091 121 1141 ἰιλολυ
137 1093 212 1155 αὐτὴν
228 1093 330 1155 αὐτάρκη
352 1100 389 1144 ναὶ
412 1098 493 1157 ἱκανήν
509 1095 628 1154 ολποφασιν
645 1102 696 1157 ἔχω,
718 1102 740 1142 ἔα
762 1099 804 1142 του
827 1096 900 1154 μόνον
920 1098 1029 1155 φανῆναι,

68 1164 102 1211 ὅτι
118 1171 192 1213 ἔστιν·
217 1169 253 1214 ιιαλ
277 1164 318 1214 ουά
338 1173 371 1214 ἔτι
393 1168 512 1225 δυνήσεται
535 1166 563 1214 ed
584 1170 628 1214 τῶν
652 1166 780 1226 ὀφθαλμιῶν
796 1168 841 1212 tuta
862 1164 889 1212 τοὶ
905 1170 946 1224 τῆς
961 1166 1029 1230 ἀκοῆς

68 1233 196 1294 ανατρέςναι
212 1237 285 1296 α’ἶιλιγλα
300 1234 398 1299 ῥήματα.
428 1237 489 1295 ὅμως
504 1241 543 1285 ααὶ
560 1236 632 1296 αὐτὴν
647 1236 736 1297 ταύτην
745 1237 787 1293 τήν
796 1238 876 1288 σκέψιν
884 1233 1029 1295 οἲντέβαλιλν6

43 1313 113 1351 itcrat
130 1304 226 1365 συνήθει
242 1306 367 1368 φιλοσόφῳ,
383 1307 408 1360 ὃς
424 1307 574 1368 συνεβούλευέ
588 1326 637 1365 μοι,
652 1310 722 1353 τούτο
737 1303 770 1363 μή
785 1309 882 1363 τολμᾶν,
897 1302 954 1353 aare}
971 1308 1028 1352 πολ-

68 1375 122 1427 toda
137 1375 244 1435 τρόπους.
274 1380 318 1423 οἵτε
332 1378 376 1435 γαρ
391 1376 433 1425 ουά
449 1377 618 1433 οἰσαιιούσεται,
643 1379 724 1436 φησίν,
744 1373 758 1435 ἡ
777 1371 883 1437 φυγῆτῴ
901 1374 978 1434 μολγφ,
1001 1367 1029 1423 or)

68 1516 93 1559 lit
115 1529 157 1573 quo
180 1524 241 1573 pacta
261 1519 351 1575 justitiae
371 1520 444 1575 gratia,
466 1519 492 1562 ad
511 1521 611 1562 incertam
629 1520 742 1575 respiciens
757 1531 823 1575 spem,
843 1524 916 1573 potero
933 1520 1026 1574 corporis

67 1588 184 1643 voluptates
199 1591 351 1645 comprimere?
390 1590 430 1635 Sed
446 1603 485 1633 nee
506 1592 602 1647 quidnam
622 1592 648 1634 sit
667 1593 745 1648 justum
763 1591 809 1633 Dee
829 1596 946 1647 acceptum,
964 1591 1026 1645 plene

68 1665 169 1714 certoque
186 1662 247 1717 novi,
263 1674 301 1703 nec
317 1669 384 1706 utrum
399 1666 464 1706 anima
477 1665 596 1708 immortalis
612 1666 638 1707 sit
653 1676 772 1719 cognosco,
795 1676 821 1705 an
836 1664 936 1705 mortalis:
956 1676 1025 1718 neque

42 1729 107 1774 toulla
124 1736 181 1772 certa
196 1733 248 1775 ratio
264 1733 375 1791 invenitur,
391 1748 459 1790 neque
474 1735 513 1777 hes
528 1735 601 1777 mentis
618 1740 684 1777 motus
698 1734 773 1778 sedare
788 1746 879 1789 possum.

125 1799 147 1842 V.
177 1801 229 1850 Quid
248 1803 310 1858 igitur
329 1818 361 1847 mc
382 1805 452 1849 facere
472 1811 564 1860 oportet,
584 1805 623 1848 nisi
638 1805 695 1847 hoo?
725 1805 747 1847 ln
762 1804 880 1860 Aegyptum
899 1805 1025 1861 proficiscar,

66 1876 86 1913 ct
107 1870 214 1926 adytorum
234 1873 373 1928 hierophantis
392 1889 416 1919 ac
435 1877 540 1932 prophetis
561 1877 637 1918 amicus
654 1876 742 1929 efficiar,
763 1888 866 1931 magoque
889 1876 983 1930 qrracsito
1005 1882 1025 1918 et

65 1942 148 1985 invento
165 1943 227 1984 multa
242 1946 329 1997 pecunia
344 1948 484 2002 persuadebo,
506 1952 529 1988 ut
544 1947 624 1989 animae
640 1947 792 2002 evocationem,
816 1959 876 2001 quam
896 1958 1024 1988 neeroman-

65 2014 112 2055 tiam
122 2019 213 2068 ‚vocant
235 2014 306 2071 faciat,
323 2021 425 2071 tamquam
446 2017 542 2059 videlieet
562 2029 601 2071 ego
618 2017 644 2057 de
664 2016 731 2070 aliquo
755 2018 839 2071 negotio
856 2017 957 2060 scisciter:
986 2018 1025 2059 erit

41 2090 134 2126 arautem
149 2085 297 2140 interrogatio,
312 2091 333 2128 ut
348 2088 423 2129 discam
438 2093 505 2130 utrum
517 2088 584 2128 anima
595 2087 620 2129 sit
634 2086 759 2128 immortalis.
789 2076 932 2141 At'responsio
945 2088 1023 2130 animae

67 2155 92 2196 de
108 2167 146 2198 sua
161 2155 310 2199 immortalitate
326 2169 368 2200 non
384 2172 410 2200 ex
424 2159 506 2213 loquela
527 2158 589 2212 ipsius
606 2162 641 2199 aut
660 2169 705 2198 mea
726 2156 829 2199 auditione
849 2159 887 2199 erit
901 2158 949 2199 mihi
964 2171 1024 2201 eom-

65 2232 134 2282 perta,
150 2226 187 2270 sed
203 2240 230 2268 ex
245 2228 289 2270 sola
304 2229 394 2282 risione3
409 2236 432 2272 ut
446 2230 477 2272 his
491 2230 541 2284 ipsis
558 2229 622 2271 oculis
637 2228 690 2269 illam
706 2227 776 2270 videns
791 2227 926 2270 sufficientem
941 2241 965 2271 ac
975 2229 1024 2272 ido-

65 2309 126 2338 neam
140 2297 227 2340 habeam
242 2298 401 2342 declarationem
416 2300 471 2355 quod
488 2301 583 2355 exsistat,
607 2312 634 2340 ex
649 2311 674 2340 eo
697 2298 742 2341 solo
760 2298 815 2352 quod
832 2301 960 2352 apparuerit3
985 2313 1024 2342 nee

65 2368 149 2422 amplius
163 2369 242 2412 ineerta
257 2370 337 2413 auditus
352 2372 416 2414 verba
431 2373 539 2414 oculorum
554 2376 652 2426 poterunt
667 2369 781 2411 firmitatem
796 2373 896 2412 evertere.
927 2370 1024 2414 Attamen

40 2439 119 2481 aohanc
135 2451 218 2494 quoque
235 2440 403 2484 deliberationem
419 2443 498 2485 crudam
513 2442 646 2497 philosopho,
663 2440 781 2483 necessario
797 2452 850 2495 meo,
866 2441 972 2496 edisserui,
989 2444 1024 2496 qui

65 2510 174 2552 consilium
189 2512 236 2554 mihi
252 2513 317 2569 dedit,
333 2515 353 2556 id
368 2527 395 2556 ne
410 2514 518 2569 auderem,
534 2514 606 2556 multas
623 2513 649 2556 ob
665 2513 764 2555 rationes.
805 2509 851 2553 Sive
867 2512 930 2566 enim,
952 2513 1022 2569 inquit,

64 2594 126 2636 mago
141 2594 183 2624 non
200 2583 348 2638 obtemperabit
363 2586 438 2641 anima,
454 2590 486 2639 tu,
507 2591 611 2638 tamquam
627 2584 661 2638 qui
675 2583 755 2637 legibus
770 2581 808 2623 ista
823 2582 892 2623 lacere
907 2581 1022 2636 prohiben-

96 2682 114 2719 1.
145 2674 224 2717 δίκαιον
239 2675 272 2718 καὶ
287 2676 372 2732 ι’λροσκον
388 2681 407 2719 G.
559 2692 614 2729 cogn.
625 2682 638 2729 l,
652 2678 670 2720 52
686 2682 730 2729 (per
746 2691 796 2726 earn,
812 2690 864 2727 qrram
880 2679 1022 2718 necromantiam

95 2743 113 2776 2.
145 2737 267 2787 Schweglero
283 2739 338 2777 invito
356 2741 380 2777 ita
398 2739 533 2789 interpunctio·
558 2743 647 2786 vocant]“
676 2740 698 2776 D.
717 2738 765 2780 „Sed
786 2742 803 2776 et
818 2737 874 2775 minus
898 2743 940 2786 apte
956 2752 1021 2787 νεαρο-

66 2809 106 2835 nem
128 2797 208 2844 mutavi,
237 2809 273 2834 non
299 2799 353 2836 inrita
375 2799 437 2837 indole
458 2798 532 2846 linguae
556 2796 639 2849 μαντεία
656 2796 719 2835 uocari
735 2802 788 2844 queat
797 2796 867 2845 magica
882 2796 921 2845 ipsa
930 2797 1021 2847 evocatio,

66 2867 150 2904 graecae.
190 2856 237 2894 Edd.
257 2856 378 2906 distinguunt:
405 2856 431 2896 Τί
446 2850 480 2896 οἷον
494 2852 531 2909 χρὴ
557 2858 651 2905 quomodo
672 2854 737 2893 dixerit
759 2855 823 2893 Cicero
846 2856 936 2900 Tusci).
955 2856 967 2903 l,
985 2859 1020 2894 lb:

66 2917 139 2960 ποιεῖν,Ι
152 2910 163 2966 ἣ
179 2914 250 2958 τοῦτο,
267 2911 294 2958 εἰς
308 2917 350 2954 κτλ.
559 2917 627 2959 ‚„‚indc
643 2926 675 2963 ea,
691 2926 744 2962 quam
762 2926 811 2952 meus
826 2914 893 2951 amicus
908 2914 978 2962 Appius
993 2929 1021 2953 νε-

96 2974 114 3010 3.
144 2987 164 3012 τε
180 2973 262 3013 accessit
278 2975 329 3021 errO,
345 2974 374 3012 ubi
391 2973 530 3024 pantaniseri-
556 2972 790 3025 apcpccztasacietate«
817 2973 920 3021 Stephanus
935 2974 1019 3022 legebat:

65 3036 128 3080 pserat
145 3028 267 3084 ἱεροφάντας.
558 3057 566 3075 ο
573 3033 627 3076 „inde
644 3045 674 3080 ea,
691 3044 737 3080 qtrae
753 3053 779 3062 -
800 3035 941 3082 νεαρομαυτοῖα
962 3032 1020 3071 facie-

96 3091 115 3127 4.
144 3088 286 3143 νικυομαυιίαν
308 3092 329 3130 Ο,
373 3092 487 3138 „tegentem
509 3105 531 3140 ap
556 3093 619 3130 bat.uu
653 3092 679 3128 Ol.

66 3144 158 3199 λεγομένῃ
173 3147 324 3203 νικρομαυιιίφῑ
343 3161 372 3186 ars
388 3149 433 3187 enim
450 3155 531 3188 mortuos
586 3156 604 3191 5.
634 3146 676 3188 ἔστι
692 3149 714 3187 0,

67 3207 157 3247 evocandi
178 3207 319 3262 νινροματτιίοι
341 3207 414 3247 dieitur:
438 3208 473 3246 vid.
495 3210 530 3246 lie-
587 3215 604 3249 6.
635 3203 759 3262 ἀντέβαλλόν
774 3208 795 3246 G.
