2276 3612
565 264 608 311 118
617 260 620 264 ’

103 388 147 418 sam
162 377 227 421 fuisse
242 378 351 432 Epistulam
376 377 495 424 Clementis.
534 382 596 428 Certe
617 400 643 428 ex
660 383 799 442 Epiphant01,
819 382 916 439 Runno2,
939 381 1028 426 Photio³
1049 389 1069 427 et

106 446 190 504 Sylloge
207 450 244 491 hao
259 455 329 491 nostra
345 456 433 507 constat,
451 452 550 496 Clementi
567 458 667 513 adscripta
685 456 801 513 apocrypha
818 455 843 497 de
859 456 1068 512 peregrinationibus,

104 521 243 574 sermonibus,
260 516 337 561 actibus
354 527 375 562 ot
390 520 561 575 disputationibus
576 527 640 580 Petri;
657 529 724 583 deque
736 527 880 581 recognitione
890 525 1000 567 Clementis
1010 528 1069 582 ejus-

104 603 145 644 que
161 596 268 644 parentum
284 604 307 632 ac
323 591 409 633 fratrum
426 596 483 636 varie
500 599 616 652 conscripta
636 599 710 656 fuisse,
734 597 866 652 interpolata,
888 602 985 649 corrupta
1004 603 1067 651 atque

103 661 208 713 permista,
226 665 245 702 11
261 662 382 715 quibusdam
397 662 454 705 libris
469 665 556 720 praefigi
573 669 653 710 solitam
669 669 779 723 Epistulam
789 667 842 708 Petri
859 666 883 707 ad
898 665 1008 722 Jacobum,
1024 667 1067 710 aliis

102 730 211 773 Clementis
228 732 252 772 ad
269 734 367 789 eundem,
385 734 428 777 aliis
445 741 564 791 utramque,
588 752 650 793 quum
666 746 733 781 tamen
749 739 802 779 idem
819 749 870 791 opus
886 742 1014 792 sequeretur,
1031 737 1065 777 in-

100 801 178 854 cipiens
189 799 229 857 ἐγώ
239 801 342 858 Κλήμης.
374 803 420 852 ouo
437 807 497 848 etiam
514 808 543 863 tu,
560 815 582 850 ut
597 812 679 864 triginta
696 810 736 852 duo
751 807 895 861 Nicephorium
910 799 1067 861 libricomplexi

101 871 171 914 forsan
188 872 264 914 fuerint
278 873 340 916 libros
357 875 429 917 decem
446 877 627 934 Recognitionum.
865 870 867 873 ’

151 943 176 985 Et
186 956 237 986 vero
247 957 299 998 quae
310 945 382 987 damus
395 944 528 1002 Clementina,
546 948 593 990 licet
605 950 672 1004 nugis,
687 949 735 990 licet
748 948 853 990 erroribus
864 953 962 1003 scateant,
979 961 989 989 a
1001 949 1064 990 semi-

99 1014 208 1056 christiana
224 1014 351 1069 philosophia
363 1021 384 1058 et
399 1016 488 1072 haeresi,
504 1019 615 1072 praecipue
633 1020 740 1061 ebionitioa
756 1019 862 1073 profectis,
880 1031 921 1059 non
937 1019 981 1060 sine
997 1005 1073 1060 fructu
1109 1070 1110 1075 Ἰ

98 1091 167 1127 tamen
182 1087 288 1140 legentur,
312 1091 355 1127 tum
375 1092 462 1140 propter
484 1088 607 1141 elegantiam
627 1091 742 1145 sermonis,
763 1095 804 1131 tum
826 1089 938 1142 multiplicis
959 1088 1064 1131 doctrinae

99 1169 170 1213 causa,
186 1163 228 1199 tum
245 1157 335 1211 denique
351 1156 376 1199 ad
393 1158 466 1198 melius
482 1159 630 1212 cognoscenda
647 1145 756 1212 primarum
772 1160 888 1201 haereseon
905 1160 1006 1213 dogmata.
1041 1159 1063 1200 In
1084 1210 1085 1213 Ἴ

99 1228 165 1277 mullis
183 1234 249 1269 autern
269 1229 341 1269 similia
359 1234 407 1271 sunt
423 1228 549 1271 Clementina
565 1228 759 1284 Recognitionibus:
774 1229 828 1271 unde
844 1231 975 1283 probabiliter
992 1231 1063 1272 existi-

98 1304 174 1340 matum
190 1299 303 1353 Turriano,
320 1312 343 1340 ea
361 1312 408 1341 esse
425 1300 483 1341 aliam
500 1300 610 1340 editionem
628 1295 807 1355 discreminatio,
830 1300 856 1341 de
877 1314 916 1355 qua
937 1300 1022 1342 Rufinirs
1043 1302 1062 1341 in

97 1368 239 1422 praefatione:
254 1381 378 1423 quamquam
396 1376 470 1413 auctor
482 1359 607 1425 'Synopseos
622 1370 721 1430 Periodos
737 1371 790 1412 Petri
813 1382 823 1411 a
840 1371 970 1413 Clementinis
987 1372 1063 1414 distin-

97 1440 148 1493 guit.
179 1440 218 1482 Sed
236 1445 256 1481 et
270 1440 452 1494 interpolationem
469 1440 542 1482 factam
559 1453 606 1482 esse
629 1442 649 1481 in
666 1440 757 1481 Homiliis
772 1442 827 1495 istis,
851 1441 913 1495 idque
929 1454 970 1483 non
992 1442 1062 1497 semel,

97 1511 186 1565 conjicio
204 1524 230 1552 ex
244 1509 281 1552 his.
314 1509 333 1564 11
350 1524 362 1552 1
377 1510 436 1551 simili
452 1516 509 1551 sorte
526 1522 666 1564 congenerum
676 1510 848 1565 apocryphorum.
880 1510 965 1567 2lquod
975 1525 999 1553 ea
1009 1525 1061 1566 quae

96 1581 116 1622 in
134 1580 237 1623 Chronico
253 1579 394 1622 Alexandrino
417 1586 437 1621 et
459 1581 574 1622 allaximo
587 1581 740 1635 proferuntur,
764 1594 805 1622 non
822 1594 893 1635 parum
914 1584 994 1625 diversa
1014 1584 1063 1624 sint:

96 1664 195 1695 necnon
211 1665 265 1707 quae
281 1665 292 1693 a
308 1652 437 1693 Damascene
453 1651 561 1693 interdum.
597 1650 617 1707 3)
639 1664 665 1693 ex
683 1651 722 1692 hac
740 1651 915 1694 Eunomianorum
936 1653 1062 1706 corruptela:

97 1725 121 1765 da
143 1719 199 1780 α’ρχῇ
219 1718 295 1769 κτίσας
310 1718 322 1765 o‘
339 1715 396 1768 Θεὸς
416 1716 456 1764 cclv
479 1717 580 1775 ου’ρακόα
601 1722 637 1764 καὶ
659 1718 701 1773 κήκ
722 1722 766 1776 pau
791 1727 863 1765 ε”κτισε
885 1724 920 1766 καιι
940 1718 981 1766 adu
998 1717 1062 1766 atde:

96 1804 149 1845 quae
172 1792 283 1833 Turrianus
303 1792 323 1832 in
343 1790 473 1846 praefatione
499 1790 578 1833 Graeca
598 1789 806 1832 ad‘Gonstitutiones
829 1791 963 1845 Apostolicas·
979 1784 1061 1834 adducit
1129 1804 1137 1848 ,r

96 1874 122 1902 ex
139 1862 251 1903 Ammonio.
291 1860 310 1917 l]
326 1862 373 1915 quia
393 1861 452 1902 locus
475 1875 486 1902 e
507 1872 544 1902 ms.
568 1860 704 1901 bibliothecae
726 1859 901 1904 Claromontanae
916 1864 991 1905 relatus
1007 1863 1061 1904 inter

94 1932 220 1974 Testimonia
235 1933 345 1986 Veterum,
367 1931 428 1972 alium
453 1945 463 1972 a
484 1936 557 1973 nostro
577 1931 698 1984 scriptorem
722 1932 831 1985 magisque
852 1933 911 1985 piumv
928 1926 990 1986 sapit,
1013 1945 1059 1973 eum

94 2003 158 2058 forte,
180 2005 239 2058 cujus
255 2003 393 2056 fragmentum
418 2004 443 2043 dc
459 2004 539 2056 Spiritu
558 2006 630 2042 sancto
646 2001 710 2043 habes
730 2014 792 2054 supra
809 2002 833 2042 ud
849 2002 942 2057 Recogn.
958 2002 971 2057 l,
989 2001 1022 2043 24.
1039 2000 1058 2058 5)

30 2072 31 2075 ’
94 2074 319 2128 deniqueNicepborus
335 2061 402 2124 dicitl,
421 2072 555 2128 Κλκμὲνκια
572 2084 619 2112 esse
630 2073 657 2126 rp'
675 2070 778 2126 ἐκκλησίᾳ
794 2066 964 2125 edatupddaaua:
980 2071 998 2112 id
1008 2084 1058 2114 vero

92 2144 157 2184 laudis
168 2156 298 2198 nequaquam
315 2143 419 2184 tribuisset
431 2141 592 2196 Klqpsuclocc.
607 2142 645 2182 nisi
660 2140 766 2181 incidisset
781 2140 801 2180 in
817 2152 841 2180 ea
857 2146 973 2195 repurgata.
1003 2142 1057 2184 ldem

89 2215 190 2268 judicium
210 2214 254 2255 fero
274 2213 299 2253 de
321 2213 435 2255 Scholiasta
452 2218 537 2267 vetere,
560 2213 618 2266 cujus
639 2212 715 2252 mentio
732 2210 753 2252 m
773 2212 793 2251 in
813 2210 983 2254 Annotationihus
998 2214 1020 2256 V.
1036 2214 1057 2256 C.

94 2285 176 2327 Henrici
192 2284 268 2325 Valesii
286 2283 309 2324 ad
326 2284 401 2325 Euseb.
418 2282 563 2325 11111111111.
588 2294 631 2335 cap.
646 2280 754 2323 XXXVlll.
785 2281 825 2323 Sed
842 2281 938 2324 fortassis
951 2282 1057 2337 Nicepho-

92 2368 127 2397 rus
144 2361 163 2396 et
179 2356 303 2399 Scholiastes
326 2356 359 2395 ille
386 2355 480 2396 viderant
499 2360 577 2396 tantum
596 2353 696 2396 Simeonis
712 2352 868 2406 lletaphrastae}
883 2353 999 2410 Epitomen,
1023 2362 1057 2397 aut

93 2427 151 2467 aliam
168 2427 294 2469 eisimilem.
333 2425 432 2468 Ceterum
447 2427 502 2480 quod
518 2426 538 2466 in
555 2425 642 2478 Syncpsi
663 2421 771 2463 Athanasii
795 2422 919 2466 Clementina
939 2425 1055 2468 referantur

91 2510 136 2539 cum
158 2498 214 2538 libris
235 2498 284 2539 novi
304 2497 427 2539 Testamenti
443 2497 517 2551 quibus
539 2495 698 2547 contradicitur,
715 2492 768 2546 apud
788 2491 927 2546 Nicephorum
950 2509 1000 2538 vero
1017 2496 1054 2537 ΟΡ.

91 2581 137 2609 cum
153 2567 289 2623 apocryphis:
313 2568 365 2609 ratio
386 2572 417 2608 est
432 2567 505 2608 lacuna
522 2565 628 2607 manifesta
645 2563 779 2604 Athanasiani
800 2563 881 2606 codicis.
918 2567 967 2608 Eam
991 2572 1012 2609 tu
1035 2573 1055 2609 et

41 2631 42 2635 ¹
91 2652 118 2681 ex
135 2645 235 2681 contextu
249 2638 309 2679 facile
325 2650 427 2693 agnosces
444 2643 465 2679 ct
480 2650 517 2691 per
532 2635 672 2689 Nicephorum
683 2646 707 2673 ac
723 2632 853 2674 Anastasium
870 2638 987 2691 complebis.

149 2705 256 2764 ‘Oprllar
271 2708 325 2749 idem
341 2713 388 2755 sunt
406 2713 468 2761 atque
484 2704 620 2765 κηρύγματα
638 2710 658 2746 11
675 2704 795 2754 διαλέξεις,
812 2704 923 2763 colloquia,
938 2721 1052 2763 sermones,

90 2778 269 2833 praedicationes,
286 2777 453 2832 dissertationes,
469 2776 531 2830 Epist.
548 2773 573 2815 ad
590 2774 690 2816 Jacobum
707 2784 752 2826 oap.
769 2772 788 2813 2.
804 2772 889 2826 Epitom.
905 2790 921 2818 c.
939 2777 985 2820 115.
1002 2778 1052 2819 Cle-

92 2852 228 2891 mentinorum
244 2847 258 2904 l,
275 2846 309 2888 20.

122 2972 137 3006 t.
168 2969 234 3018 appa.
251 2948 304 3003 uter.
318 2966 375 3014 xxx,
394 2967 425 3001 15.
613 2966 631 3000 a
662 2962 713 2998 enoc
731 2961 785 2998 cota,
802 2962 853 3000 oxu.
870 2963 929 3001 cxm.

119 3032 137 3064 2.
167 3028 227 3074 1111111
243 3026 319 3074 praelat.
336 3026 358 3061 ad
375 3022 419 3061 libb.
433 3023 529 3071 Recognit.
540 3027 558 3059 et
612 3024 630 3058 1.
661 3019 1000 3076 Ν111111.Η111,1111.1111111111.

88 3084 120 3123 lib.
136 3086 159 3123 de
174 3086 250 3123 adulter.
266 3084 309 3138 libb.
324 3083 404 3132 011111.-

448 3191 696 3209 m
