2276 3612
104 234 133 289 xi,
150 240 183 277 aa.
200 238 234 278 as.
556 232 598 279 al&

104 369 139 398 σοι
154 348 229 409 μόνον
244 351 317 397 ἔλειπε
332 344 357 393 κύ
373 346 430 406 πρὸς
447 350 557 407 σωτηρίαν
571 352 745 410 βαπτισθῆναι,
760 345 827 408 οίιλίκῳ
842 348 865 395 (λλ
875 344 933 406 ’πρὸς
943 343 1063 406 aripenne-

104 421 207 477 σθῆναι1
222 423 253 469 εἰς
267 416 346 474 σ’ίρεοιν
361 420 405 465 κῶν
421 424 445 465 ἐν
461 413 542 480 οίγνοίη
557 419 791 483 προπεπραγμὲνυνῖι
828 416 895 479 ollium
911 417 930 464 θ’
945 416 1064 465 ύποκακα-

102 491 203 537 λείπεται
217 485 264 534 κατ’
281 487 406 548 οίναλογίαν
421 491 460 548 arpo
476 484 584 549 οίσεβείοις
598 488 612 551 η
628 497 664 542 ἐπί
679 490 704 539 κύ
719 491 843 551 βάπτισμα
859 488 960 535 εύποίία.
994 487 1028 535 lte*
1044 492 1066 536 εί

102 560 225 608 κειλικαιος
241 558 271 612 εἷ,
288 561 332 604 εἴκε
347 557 434 616 ε’ίύικος)
451 562 551 607 σπεύσον
566 564 709 621 γεννηθῆναι
724 562 784 621 Θεῷ,
805 558 840 606 ὄπι
861 554 995 618 atropoli}
1016 558 1064 604 κίν-

78 626 340 686 novempopulania&
357 629 460 687 σ’ίιληλονό
484 632 542 677 εἶναι
563 636 605 679 κού
630 631 735 678 θανύκου
758 626 801 687 σύν
817 629 976 688 προθεσμίαν,
997 630 1027 686 κη]
1043 632 1063 680 ἐξ

102 699 205 750 ύιίακοςί
219 699 366 756 parenorius
382 701 451 757 πακρί
472 698 507 747 ιλιεί
532 704 573 760 της
594 701 696 753 εύποιΐας
716 698 758 747 νίν
778 697 902 759 ὁμοιύκηκα
922 698 1000 753 ιλείξας·
1036 694 1063 746 ὦς

104 764 235 827 ηιλαληθύς
249 767 290 815 κόν
306 764 382 827 ύληθη
400 767 460 818 Θεύν
482 774 556 829 πιμῶν
571 771 599 824 οἷς
615 774 710 830 πατέρα.
749 769 803 829 napta}
824 771 847 816 lt
863 768 922 829 αύκῴ
943 765 968 813 κύ
985 768 1025 827 ζην
1040 786 1064 813 σε

102 836 131 892 οἷς
146 835 213 889 αύιός
228 839 313 890 ελίκαιος
328 836 358 885 olo
374 842 443 888 θέλει.
475 844 562 889 δικαίου
577 844 600 888 <lt
615 843 706 899 θέλημα
723 837 748 888 κύ
763 839 796 899 μή
814 838 902 887 α’ύικεῑν.
938 837 1024 886 οίιλικεία
1041 838 1063 884 δὲ

102 912 163 955 ἒσκιν
186 909 306 968 φονεύειν,
328 920 414 968 μισεῖν,
440 915 592 968 πλεονεκτεῖν,
614 913 651 956 καί
668 908 695 956 κύ
718 910 808 963 κούποις
823 911 904 970 ὅμοια·
929 906 1016 955 κούκαν
1040 907 1063 954 δε

79 977 152 1036 moilla
169 977 250 1025 πολλοί.

162 1049 247 1093 XXVIII.
278 1048 346 1108 Πλύν
367 1050 456 1101 κούκοις
477 1052 628 1110 συνεισφέρειν
643 1051 675 1096 δεῖ
696 1052 719 1096 κί
742 1068 811 1103 ποτε,
833 1049 844 1095 ὃ
865 1047 985 1108 κοινύπηποι
1007 1045 1065 1105 nole

105 1117 242 1177 αὐθριύπους
258 1123 302 1176 μὲν
318 1119 359 1166 ούκ
369 1125 428 1181 ἔχει,
450 1121 507 1166 ίιίιον
522 1122 550 1173 {ta
567 1121 688 1180 θρησκείας
704 1122 765 1167 esna
777 1118 890 1181 τυγχάνει.
925 1121 979 1178 λε’γοι
996 1114 1022 1177 (λη
1037 1118 1063 1164 κύ

104 1187 254 1246 καθαρεύειν,
275 1188 301 1235 κύ
322 1194 347 1235 ἐν
362 1188 450 1249 dalton
470 1189 527 1251 ούοη
543 1193 571 1252 πη
585 1191 630 1250 reip
644 1192 734 1251 γαμεκῇ
749 1190 782 1247 μη
797 1197 921 1242 κοινωνεῖν,
942 1188 978 1236 ὅτι
997 1189 1065 1237 κούιο

105 1255 117 1303 ὁ
133 1256 196 1304 oeno
210 1257 293 1305 κελεύει
309 1259 387 1318 νόμος.
418 1261 440 1304 πί
455 1262 491 1314 tt,
506 1265 526 1307 εἰ
541 1259 574 1319 μη
589 1263 626 1307 καί
642 1262 670 1321 κη’
688 1264 729 1307 κού
744 1259 806 1306 Θεού
822 1260 931 1319 θρησκεία
945 1256 970 1306 κύ
987 1266 1064 1307 καθα-

81 1343 99 1378 15
106 1326 180 1387 ρεύειν
195 1325 307 1385 οίνίκεικο,
321 1326 424 1388 aipistaule
434 1329 597 1390 οἱκολνθαροι5
612 1329 678 1389 ἡλίκος
693 1330 722 1378 olo
734 1332 857 1379 ἑκυλίεσθε.
888 1329 922 1376 lat
934 1327 962 1383 ιύς
975 1329 1065 1388 ύνθρυ-

105 1417 145 1444 ποι
160 1401 248 1459 ἔχονκίς
264 1417 285 1444 κι
301 1403 379 1447 πλεῖον
394 1403 438 1453 κείν
453 1397 540 1459 alippa
557 1401 629 1458 ζώων,
643 1399 669 1448 κύ
685 1400 787 1461 λογικοί6
802 1401 870 1452 εἶναι,
892 1396 937 1457 κύν
952 1404 995 1459 μὲν
1012 1418 1065 1458 καρ-

106 1470 156 1516 ιλίαν
171 1469 216 1516 πῶν
231 1473 305 1517 κακῶν
320 1466 418 1528 ούρανίηι
434 1471 551 1530 καθελρακε
568 1473 675 1531 λογισμῷ,
691 1473 775 1530 λουτρῷ
792 1471 815 1516 δὲ
831 1468 948 1516 πλύνεκε7
959 1468 1065 1528 εὸοοίμα.

107 1622 130 1653 es
134 1643 139 1666 ,
156 1611 222 1653 solnm
238 1611 310 1655 deerat
323 1613 427 1668 baptizari,
437 1614 457 1655 in
473 1614 568 1669 salutem,
583 1614 614 1656 sin
629 1615 716 1670 injustus
731 1613 751 1654 in
760 1611 903 1656 remissionem
918 1623 996 1666 eorum,
1012 1622 1066 1665 quae

106 1680 127 1722 in
142 1681 261 1736 ignorantia
272 1684 328 1737 prius
343 1686 471 1738 perpetrasti.
508 1684 529 1728 Si
552 1698 602 1727 vero
622 1685 721 1741 injustus,
743 1684 874 1738 relinquitur,
898 1687 921 1724 ut
942 1682 1066 1735 baptismatis

83 1751 161 1794 athena
177 1752 270 1806 opereris
282 1755 342 1808 juxta
357 1756 464 1809 impietatis
479 1756 640 1810 proportionem.
679 1756 820 1811 Quapropter,
836 1754 879 1796 sive
892 1755 960 1808 justus
976 1766 998 1795 es
1021 1753 1065 1796 sive

106 1823 196 1878 iniquus,
218 1823 292 1866 festina
310 1827 367 1868 nasei
381 1825 439 1881 Deo,
463 1827 510 1880 quia
531 1826 598 1868 dilatio
622 1825 681 1868 affert
701 1825 825 1881 perieulum,
845 1836 892 1865 nam
913 1824 1014 1865 incertum
1035 1830 1067 1867 est

105 1895 246 1948 praestitutum
261 1897 320 1938 morti
334 1902 418 1940 nostrae
434 1901 521 1951 tempus.
551 1896 610 1953 Patri,
628 1897 662 1951 qni
678 1901 699 1938 te
715 1909 742 1938 ex
758 1908 811 1951 aqna
823 1894 900 1951 genuit,
917 1883 1066 1937 similitudinem

105 1976 143 2018 per
158 1965 212 2007 bona
228 1977 291 2019 opera
306 1967 398 2010 ostende.
439 1967 550 2022 Tamquam
576 1970 620 2011 veri
640 1969 745 2013 studiosus
767 1982 839 2012 verum
860 1968 926 2010 Deum
946 1968 1026 2011 lmnora
1045 1973 1067 2009 ut

105 2040 190 2090 patrem.
220 2035 292 2078 Honor
308 2043 375 2080 autem
391 2040 436 2094 eJ'us
452 2045 492 2095 est,
507 2045 530 2081 ut
544 2041 571 2081 ita
586 2041 655 2095 vivas,
671 2041 792 2096 sicutipse,
815 2040 849 2094 qui
862 2040 929 2094 justus
945 2044 987 2094 est,
1007 2039 1065 2082 desi-

80 2106 171 2148 ttderat.
200 2106 263 2149 Porro
276 2108 326 2162 justi
343 2109 436 2153 voltmtas
453 2115 494 2165 est,
509 2110 627 2165 injustitiam
642 2123 685 2152 non
698 2110 767 2162 facias.
797 2109 822 2151 Et
838 2114 869 2151 est
884 2109 983 2164 injustita,
1006 2110 1065 2152 oeci-

106 2178 166 2233 dere,
191 2177 319 2235 adulterare,
338 2179 417 2236 odisse,
440 2180 546 2238 fraudare,
570 2186 695 2236 caeteraque
718 2180 749 2223 lais
773 2180 854 2235 similia,
884 2191 971 2233 qnorum
990 2179 1065 2222 multae

108 2254 156 2300 sunt
170 2249 257 2303 speeies.
314 2281 315 2284 ,

165 2318 251 2361 XXVIII.
281 2320 425 2363 Verumtamen
441 2321 484 2364 istis
500 2321 637 2376 adjiciendum
653 2326 684 2364 est
700 2320 782 2376 aliquid,
799 2319 853 2374 quod
870 2319 952 2375 quidem
968 2332 1013 2366 eum
1029 2333 1066 2362 re-

107 2388 167 2443 liquis
183 2389 298 2433 hominibus
313 2403 355 2433 non
371 2398 402 2434 est
418 2401 538 2448 commune,
556 2393 592 2435 serl
608 2393 692 2448 proprie
709 2392 805 2444 competit
824 2391 920 2446 religioni
934 2391 979 2434 Dei.
1014 2391 1065 2433 Dico

83 2465 189 2516 stantem,
204 2460 224 2501 in
239 2461 326 2515 puritate
342 2462 431 2519 degere,
454 2465 480 2505 ad
495 2476 582 2506 uxorem
606 2476 664 2506 suam
681 2462 763 2517 quando
784 2462 805 2503 in
826 2463 950 2516 purgatione
975 2466 1006 2503 est
1024 2474 1066 2504 non

108 2531 219 2574 accedere:
234 2531 274 2572 lroo
289 2533 362 2587 qnippe
374 2535 434 2588 pubet
449 2536 486 2577 Dei
501 2535 540 2577 lon.
572 2535 623 2585 Quid
639 2535 708 2577 vero?
733 2534 771 2576 nisi
786 2534 861 2588 puritas
877 2535 897 2575 in
912 2533 1013 2589 religione
1028 2533 1067 2575 Dei

109 2608 165 2647 esset
180 2608 312 2659 consecrata,
327 2617 365 2648 vos
380 2612 402 2648 ut
417 2607 509 2649 canthari
526 2619 572 2648 cum
585 2606 689 2661 voluptate
703 2604 843 2647 volveremiui.
860 2604 949 2661 Quare,
964 2608 1067 2660 tamquam

108 2675 203 2717 homines
219 2673 293 2728 aliquid
308 2676 391 2730 amplius
406 2678 472 2720 brutiS
488 2677 622 2719 animantibus
638 2677 750 2731 habentes,
773 2676 866 2718 nimirum
889 2688 935 2719 esse
950 2676 1067 2731 rationales,

142 2829 160 2867 1.
190 2819 347 2874 volontati
361 2823 413 2879 πρὸς
428 2824 450 2866 κύ
467 2825 579 2881 βαπιισθη-
604 2823 622 2866 οἱ
638 2823 659 2866 δὲ
674 2821 774 2875 κάνθαροι
791 2819 814 2875 ἢν
829 2819 919 2863 κνλίουσι
941 2820 1027 2874 κύπρον,
1048 2819 1068 2861 ἐν

111 2899 143 2925 ναι
160 2888 279 2924 arcesserunt
295 2894 318 2921 en
334 2885 359 2935 O,
374 2886 392 2923 in
409 2888 442 2936 onj.
460 2898 517 2934 marg.
531 2898 577 2924 man.
603 2882 664 2936 ιαύιη
680 2880 794 2934 φαλεύουσί
807 2877 872 2922 aanor
880 2881 973 2934 χειμῶνα,
984 2883 1002 2920 S.
1024 2883 1066 2919 Tum

112 2957 149 2984 rer.
166 2944 193 2995 τῷ
208 2955 242 2993 pre
259 2939 289 2982 κύ.
490 2979 491 2982 ,
539 2992 540 2996 ¹
603 2940 733 2984 ιλνεκκλίεσθε
748 2954 766 2991 p.
782 2937 806 2981 ίίν
821 2937 925 2981 toalleam
941 2942 960 2980 C.

140 3008 158 3042 2.
189 2999 332 3054 πεπραγμένων
348 3003 368 3040 C.
398 3000 576 3055 Subinderlolaptl'
634 3008 652 3042 6.
682 2996 762 3053 λογικὸν
773 3002 793 3049 C,
808 3000 836 3051 τῷ
846 2994 921 3050 λογικοὶ
933 2997 1039 3048 εἶναιοοκη.
1049 2999 1067 3038 S.

111 3064 177 3102 adds
196 3075 211 3100 ο.
226 3061 406 3111 nunnonec.vl,o:
424 3063 575 3112 „inJ'nstoverol
634 3066 652 3100 7.
682 3058 769 3099 πλύκαιε
787 3060 806 3097 G.
845 3060 888 3096 Tum
907 3052 929 3097 ιλ
950 3053 1026 3110 ἀληθὲς
1046 3058 1067 3096 0·

142 3124 160 3159 3.
191 3116 270 3160 ίίὸειλον
287 3121 308 3159 0.
603 3120 694 3169 Deinceps
708 3119 741 3157 luit
756 3121 820 3158 lacuna
834 3119 852 3156 in
869 3118 883 3155 0
901 3119 948 3156 inter
967 3112 1067 3167 καθαρεύ-

143 3184 162 3217 l.
192 3175 249 3220 ‘toan
266 3180 287 3217 0.
604 3194 631 3219 ειν
647 3185 665 3217 et
680 3174 721 3226 ὅτι,
739 3191 791 3227 quam
807 3178 829 3215 al.
848 3189 893 3215 man.
910 3176 974 3228 partlm
988 3175 1067 3228 explerit

145 3239 162 3281 5.
191 3239 245 3283 Arist.
261 3240 305 3280 llist.
315 3237 441 3288 Anim.V,19.
451 3241 498 3290 552,
515 3254 530 3294 a,
542 3243 577 3283 tr:
603 3239 664 3279 vernis
680 3234 715 3292 οὐχ
731 3234 758 3285 ὡς
773 3236 871 3289 inscriptis.
