2276 3612
497 291 498 294 ,
561 252 601 301 195³
627 232 628 235 ¹
900 244 963 308 ‘vrri
980 261 1014 300 21.
1031 264 1065 301 κν.

100 375 138 419 ἔτι.
170 365 353 432 οίποκρινάμενος
367 370 410 421 οὖν
426 375 480 429 ἔφη·
498 366 640 430 Γέγραπται,
654 369 734 433 ’κόριον
751 372 791 421 τόν
808 371 867 421 Θεόν
878 389 919 418 σου
935 369 1065 435 φοβηθησηη

100 443 135 489 καί
152 436 212 499 αὐτῷ
228 444 357 502 λατρεύσεις
370 440 441 502 μόνω·

28 562 29 565 J
156 512 217 556 xxti
250 511 314 571 Πλην
331 512 343 558 ό
359 514 404 557 τῶν
418 508 522 570 σίοεβνίνῙ
549 510 657 569 βασιλευς
677 512 733 561 κατά
749 514 821 563 πολλά
842 513 884 562 τόν
904 514 953 560 rodo
966 512 1063 572 ειίσεβωυ

30 587 33 635 ζ
98 580 191 643 βασιλέα
208 580 264 640 πρός
279 581 304 629 τό
320 584 404 628 ἑαυτοῦ
419 580 528 640 βούλημα
543 582 655 641 παράγειν
671 586 809 645 πειρώμενος
833 588 870 632 καί
886 583 919 645 μη“
937 585 1062 643 δυνηθείς2

97 648 225 706 duodecino,
241 650 297 711 πρός
312 651 340 699 τά
356 647 425 698 λοιπά
441 653 482 709 της
498 653 615 703 πολιτείας
630 651 737 711 θηρείιειν
755 655 825 704 αὐτόν
842 655 967 715 ἐπιχειρῶν.
997 653 1078 712 operae

98 722 119 767 tt
134 718 174 766 τόν
190 723 358 781 προορισθέντα
374 719 449 780 νόμον
464 719 603 780 άγνοοάντες
624 718 659 768 θεοί
676 725 720 768 των
738 725 810 771 κακῶν
825 722 927 781 πράξεων
946 722 993 771 ded
1017 722 1061 781 edu

22 850 23 853 J
97 792 198 844 ἐξουσίαν
213 787 285 838 ακίτσῠ
300 793 413 849 ἐγένεσθε.
450 789 484 838 tul
504 793 568 850 σῶμα
591 795 627 840 καί
647 789 721 854 ψυχάν
741 791 876 851 ἑμιάνθητε,
912 797 949 843 καί
970 801 995 842 ἐν
1013 799 1060 854 μὲν

24 867 29 921 'J
96 865 125 923 τῷ
140 860 238 921 παρόντι
254 858 299 908 dud
314 880 338 909 τε
355 863 437 911 παθών
453 864 490 909 καὶ
506 860 622 922 δαιμόνων
637 864 796 923 ἐνυβρίζεσθε,
812 869 835 909 ἐν
851 866 874 911 dl
887 867 917 923 opi
933 867 1059 923 μέλλοντιό

95 929 134 983 τάς
149 930 223 993 ψυχάς
237 934 441 993 κολασθησομίνας
456 939 521 989 ἕξετε.
556 935 626 980 τουτο
642 934 666 979 dl
681 931 724 994 οὐχ
738 930 803 990 timeto
818 932 887 992 μόνοι
902 931 949 980 άπὸ
965 933 1059 994 οἷγνοίας

29 1051 30 1065 J
95 1002 236 1056 πεπόνθατε,
251 998 307 1049 άλλά
320 1004 357 1049 καί
372 1021 433 1056 τινες
448 1005 491 1051 του
506 1001 616 1063 ἡμετέρου
632 1008 724 1058 ἔθνους,
740 1009 822 1054 οἵτινες
832 1006 870 1049 ε’πί
886 1015 963 1056 κακαῖς
975 1005 1055 1065 πράξο-
1066 1022 1085 1056 lo

94 1089 128 1119 σιν
143 1068 190 1119 dud
204 1073 247 1118 aod
262 1075 301 1131 τῆς
316 1075 395 1125 κακίας
409 1070 521 1133 ἡγεμόνος
539 1075 724 1133 προληφθέντες,
744 1078 822 1130 ἔπειτα
842 1072 915 1133 ὥσπερ
936 1076 991 1121 tull
1012 1077 1057 1122 κλει-

27 1176 28 1179 =
94 1159 153 1190 πνον
167 1138 211 1189 dud
228 1141 313 1201 πατρός
328 1146 367 1204 υἱῲ
383 1147 504 1196 τελουντος
519 1143 607 1203 γάμους
623 1145 746 1202 κληθέντες
758 1143 819 1206 οίιγ5
834 1140 975 1202 ὑπήκουσαν.
1006 1142 1056 1192 circi

93 1215 115 1260 dl
133 1213 177 1259 τείν
196 1210 372 1272 άπειθηοοίντων
393 1214 429 1262 θεαί
453 1212 496 1274 την
517 1214 634 1273 πρόληψιν
654 1213 666 1261 ὁ
686 1213 741 1267 τοάς
762 1211 852 1273 γάμους
871 1214 901 1273 opi
922 1215 963 1272 cipi
986 1218 1056 1263 τελων

93 1283 168 1347 πατὴρ
183 1282 219 1330 dcci
234 1287 275 1331 τον
291 1284 411 1344 προφήτου
425 1288 465 1343 τῆς
482 1283 591 1345 ἀληθείας
613 1288 727 1333 ε’κὲλιυσεν
742 1282 810 1344 ἡμῖν,
831 1288 863 1335 εἰς
884 1280 1055 1339 τάς-ιλιεξάθους

91 1351 206 1403 rou-lodo
221 1357 342 1411 ἐλθονσιν,
357 1354 369 1402 ὅ
384 1361 429 1403 ἐστι
445 1353 501 1416 πρός
517 1353 591 1414 άμάς,
606 1355 711 1415 καθαρόν
726 1356 813 1413 totoue
829 1351 906 1413 γάμου
915 1358 1054 1414 περιβαλεῖν,
1062 1370 1081 1404 15

91 1422 146 1485 άπερ
161 1427 207 1472 εὀτί
221 1426 358 1483 βάπτισμα,
381 1425 393 1473 ὃ
408 1429 440 1477 εἰς
456 1425 537 1484 docem
551 1427 640 1485 γίνεται
658 1429 702 1473 ’των
718 1420 885 1485 πεπραγμένων
904 1424 959 1483 ὑμῖν
974 1427 1055 1480 κακῶν,

90 1494 143 1541 καί6
158 1494 212 1547 codo
227 1493 332 1554 σίγαθοός
347 1500 380 1550 εἰς
395 1494 421 1543 τό
437 1497 498 1543 &sod
514 1497 606 1543 δεῖπνον
621 1496 737 1565 εἰοάγειν7
755 1501 778 1543 ἐκ
794 1497 834 1555 της
849 1497 1014 1554 μεταμελείας,
1034 1501 1065 1542 εἰ,

89 1567 127 1612 καί
141 1565 182 1625 την
197 1565 269 1629 α’ρχην
284 1564 459 1626 άπελείφθηοαν
475 1568 516 1625 τῆς
531 1563 632 1629 εὐωχίας.

22 1758 23 1761 ,
88 1722 120 1765 vel
134 1728 227 1778 tangere.
256 1722 369 1777 Respondit
384 1735 449 1779 ergo:
464 1723 568 1778 Scriptum
584 1709 624 1776 est,⁴
636 1723 746 1766 θοκικκιιιιι
764 1722 830 1765 Dorum
846 1727 901 1765 rufum
916 1724 1051 1780 r'coetederls,

88 1798 108 1834 et
121 1794 152 1835 llll
166 1795 206 1843 solt
220 1795 306 1837 seroles.
576 1809 577 1812 ¹
1057 1806 1077 1838 oo

142 1864 203 1908 XXll.
234 1864 330 1907 Ceterum
345 1864 454 1918 impiorum
469 1876 516 1919 rex,
533 1876 580 1906 cum
595 1876 667 1919 regern
682 1864 762 1919 piorum
778 1864 804 1906 ad
819 1877 877 1907 suam
893 1865 997 1908 adducere
1008 1878 1050 1907 vo-

18 1975 22 1981 ι
87 1934 184 1977 luntatem
200 1936 308 1990 plurimum
324 1939 410 1978 conatus
426 1940 482 1979 esset
497 1947 536 1977 nec
551 1936 664 1990 potuisset,
680 1935 741 1978 finem
758 1935 816 1991 fecit,
840 1936 895 1981 etin
911 1936 991 1990 reliqua
1007 1938 1048 1978 vita

86 2005 139 2048 illum
153 2000 255 2048 nitebatur
266 2011 357 2060 captare.
387 2007 430 2049 Vos
444 2018 496 2049 vcro
512 2005 640 2060 praefinitam
655 2007 776 2060 ignorantes
790 2006 859 2060 legem
876 2005 902 2047 ob
916 2006 968 2048 nrala
984 2019 1048 2061 opera

79 2075 122 2117 -sub
135 2077 187 2119 illius
203 2077 252 2120 estis
267 2081 376 2131 potestate.
406 2076 509 2126 Quocirca
532 2088 622 2129 corpore
643 2081 664 2119 et
682 2078 749 2119 anima
772 2076 872 2119 inaculam
888 2075 970 2131 geritis:
993 2077 1047 2119 etin
1115 2107 1119 2114 ι

12 2156 20 2208 ²3
84 2149 186 2199 praesenti
201 2148 283 2204 quidem
298 2161 310 2190 a
325 2148 402 2191 morbis
419 2153 439 2190 et
455 2147 590 2190 daemonibus
604 2147 718 2204 illudimini,
734 2148 755 2207 in
771 2148 840 2190 tuturo
858 2153 926 2189 autem
942 2148 1073 2195 anirnaltuscs

9 2238 19 2274 γ
83 2220 199 2272 puniemini.
228 2218 274 2262 Hoc
289 2231 341 2261 vero
357 2230 400 2260 non
415 2230 454 2261 vos
469 2218 508 2261 soli
523 2218 548 2259 ab
563 2218 680 2272 ignorantia
695 2218 751 2272 passi
770 2220 830 2274 estis,
854 2218 891 2261 sed
916 2223 936 2260 et
956 2218 1047 2261 nonnulli

12 2337 13 2340 J
84 2301 109 2330 ex
124 2296 194 2334 nostra
210 2296 282 2346 gente,
299 2290 334 2344 qui
349 2290 369 2331 in
384 2288 441 2331 malis
457 2288 554 2341 operibus
570 2300 582 2330 a
597 2288 684 2330 malitiae
699 2288 753 2330 duce
770 2288 877 2343 occupati,
899 2294 973 2343 postea
990 2289 1046 2331 velut

83 2360 107 2402 ad
123 2374 210 2404 coenam
225 2374 236 2403 a
252 2366 311 2416 patro
326 2360 361 2402 filii
376 2360 456 2414 nuptias
474 2359 593 2401 celebrante
607 2359 695 2413 inritati,
712 2371 754 2401 non
771 2359 901 2401 obedierunt.
939 2359 962 2400 ln
977 2360 1045 2402 locum

8 2426 19 2485 '⁴3
83 2437 148 2475 autem
165 2445 247 2490 eornm,
264 2421 300 2487 qni
313 2435 398 2486 propter
415 2430 572 2485 occupationem
588 2430 753 2485 denegaverant,
775 2430 810 2484 qui
831 2429 872 2471 filio
889 2432 969 2484 nuptias
986 2431 1045 2473 cele-

16 2511 17 2514 ’
82 2501 152 2546 trabat
166 2509 225 2558 pater
240 2515 277 2556 pcr
292 2502 383 2545 veritatis
399 2500 519 2554 Proplrelarn
532 2501 594 2556 J'ussit
609 2500 679 2555 nobis,
703 2506 725 2542 ut
740 2501 849 2555 progressi
872 2501 897 2543 ad
914 2502 981 2545 exitus
997 2503 1070 2548 via—oo

13 2603 17 2622 ,
81 2585 130 2630 rum,
146 2574 212 2630 idest,
228 2572 253 2615 ad
262 2585 305 2629 vos,
320 2573 453 2623 indueremus
464 2585 535 2627 puram
545 2578 625 2616 vestem
634 2571 749 2626 nuptialem,
762 2583 816 2626 quae
826 2576 856 2615 est
865 2572 970 2628 baptisma,
987 2573 1042 2627 quod

13 2632 15 2635 ”
81 2641 255 2687 inremissionem
270 2643 292 2685 fit
306 2649 440 2697 peccatorum
454 2648 581 2699 vestrorum,
603 2648 623 2685 et
643 2648 666 2685 nt
682 2642 749 2685 bonos
765 2642 786 2684 in
802 2642 840 2685 Dei
856 2655 944 2686 coenam
959 2644 1042 2686 inducat

14 2771 16 2773 J
81 2727 106 2756 ex
121 2716 253 2771 poenitentia,
268 2715 316 2757 licet
330 2715 387 2758 initio
405 2716 430 2758 ab
447 2715 511 2770 epulis
528 2714 636 2757 abluerint.

13 2958 15 2961 ’
78 2958 120 3001 lert.
135 2964 173 3014 leg.
196 2959 225 3004 duc
243 2975 268 3002 τι.
298 2958 376 2999 ”Deinde
396 2963 410 3001 G
430 2973 466 3000 non
492 2965 543 2998 recle
612 2986 616 2995 .
647 2950 681 2996 καί
696 2951 802 3009 λδσνηθείς
819 2958 838 2996 C.

6 3018 13 3063 -ξ
78 3022 130 3061 vertit
147 3020 302 3072 „oppignoratam
320 3025 338 3058 et
356 3021 390 3063 „ab
406 3021 447 3070 ipso
463 3020 542 3059 tradito-
611 3045 615 3054 .
646 3018 688 3060 acic
702 3015 809 3066 μέλλουσιν
825 3018 844 3055 Ο,

77 3090 133 3118 rumsc
151 3083 228 3120 Vertere
245 3081 334 3119 debebat:
352 3079 539 3130 „oppignoravissem
610 3104 615 3112 .
645 3070 685 3113 ίιπό
703 3076 725 3115 0.
755 3077 796 3115 Vld.
811 3075 873 3114 illattlr.
890 3075 923 3110 22·

4 3148 13 3199 J
77 3144 95 3177 ct
112 3140 158 3190 „ipsi
174 3139 299 3180 traditorum.“
466 3171 467 3174 ,
611 3162 616 3172 ·
646 3129 682 3186 οὐχ
698 3135 739 3175 add.
756 3147 772 3174 θ.
789 3135 810 3173 0.

107 3201 124 3235 l.
154 3193 233 3251 ἀσεβῶς
257 3199 283 3247 0,
311 3197 329 3236 in
353 3207 411 3247 marg.
434 3209 473 3237 sec.
496 3208 542 3235 man.
611 3221 615 3231 .
646 3192 714 3232 κακῶν
730 3189 763 3233 καί
779 3194 798 3231 G.

76 3250 123 3302 ιὀοις
138 3253 231 3310 εὐσεβῶν.
438 3256 440 3260 ’
612 3280 616 3289 .
647 3248 721 3304 εἰσάγει
737 3252 756 3290 C.

775 3322 823 3368 13le
