2276 3612
99 280 101 283 .
117 248 147 298 rx,
163 253 198 288 aa.
215 252 249 289 aa.
574 246 619 294 212

117 361 170 418 δρας
187 363 294 419 δαίμονες
310 362 417 419 φεύγουσι
433 357 460 406 δι’
476 358 551 418 όνομα
567 363 659 422 τίμιον·
677 362 712 409 καί
726 358 880 426 ἕνεδρεόονται
891 360 909 408 ’ὅ
923 382 947 408 τε
963 359 1077 416 σίπελόσας
1133 403 1135 405 ,

117 433 153 477 καί
166 431 288 489 ἱστορήσας.
318 429 389 490 ὁμέν
404 427 530 494 σίπελσίοας,
547 431 575 483 τίς
591 429 626 479 διαί
643 431 788 489 δικαιοσύνην
804 435 968 490 προτιμηθείς,
988 431 1028 479 oda
1044 440 1076 480 εἰ-

119 499 160 551 alda
173 504 214 547 τοιί
228 502 337 559 δαίμονος
352 500 377 548 τό
393 503 530 559 κακοῦργον·
553 502 603 561 ἅμα
619 523 643 550 τε
657 502 700 564 peip
715 500 740 547 τό
754 499 829 559 όνομα
845 505 965 560 τετίμηκεν
972 525 982 557 ,’
997 507 1033 549 καί
1048 509 1076 565 τῇ

118 574 177 629 (pepp
192 572 233 618 τόν
249 569 320 632 α’σεβη
335 577 366 624 εἰς
382 576 455 632 οἴησιν
471 570 759 634 δικαιοσύνηςπεριβαλσίν
774 574 815 617 τού
831 569 863 628 μή
878 583 998 627 μετανοεῖν
1013 572 1076 629 η’πσί-

94 654 192 698 canosa.
209 641 211 644 ’
229 639 241 688 ό
257 645 281 689 δέ
297 643 428 702 ἱστορήσας,
450 640 478 694 τίς
494 643 584 704 ειίσεβεῐ
599 641 781 706 συγχρησσίμενσς
803 644 832 700 τῷ
848 639 999 696 σίπελοίσαντι,
1020 642 1076 699 πρός
1131 650 1135 661 ²

115 707 156 769 την
172 708 256 768 ὁμοίαν
270 715 389 760 πολιτείαν
403 713 505 766 σπεύσας
528 708 662 762 σίπόλλκται.
701 715 771 760 ἐνίοτε
793 713 816 758 δέ
837 714 873 758 καί
895 711 950 762 τους
971 709 1005 768 μη
1028 715 1075 772 (oapi
1133 747 1134 750 ,

115 784 290 841 προσκειμένους
304 783 384 842 ὅρκους
399 783 490 844 φειίγειν
505 784 684 845 ὑποκρίνονται,
705 789 743 830 ἵνα
759 780 919 839 διαστήσαντες
938 778 1024 833 αὐτούς
1039 778 1075 829 ὅτε
1131 807 1133 818 1

114 853 236 905 θέλουσιν,
252 850 384 901 σίνέλωσινῙ.
778 855 779 858 “

172 925 241 968 XXIII.
273 928 319 972 Kal
335 930 404 973 τουτο
421 924 464 974 οὖν
478 923 541 983 όμσῖς
557 927 641 972 εἰδέναι
656 923 804 982 βουλόμεθα,
822 924 856 970 ὄτι
873 919 912 970 dclv
927 921 960 981 μή
977 940 1011 974 τις
1025 927 1074 968 ἑαυ-

88 994 154 1043 1σιόν
169 992 243 1053 satist
259 998 353 1056 δαίμοσι
368 998 449 1043 δουλον
464 997 529 1055 accipi,
543 994 571 1045 τίς
588 994 667 1055 τείχιον
683 996 761 1049 εἷπον,
782 991 794 1039 ό
810 996 896 1051 δαίμων
912 991 954 1051 την
968 989 1016 1038 κατ’
1032 989 1074 1039 ατί·
1133 1037 1134 1040 ,

114 1067 157 1110 τοῦ
173 1066 274 1118 ἐξουσίαν
290 1063 331 1113 oda
346 1071 396 1126 ε”χεα
434 1075 474 1113 ἕνα
495 1063 538 1112 οὖν
554 1065 613 1112 Θεόν
628 1068 704 1124 σέβειν
718 1064 823 1120 ἑλόμενοι
847 1067 882 1110 καί
899 1066 1011 1121 τραπέζης
1026 1065 1074 1109 ‹lat-

114 1132 193 1191 μόνων
208 1134 361 1196 οίποσχόμενοι
376 1139 412 1183 καί
430 1137 579 1194 σωφροσύνην
597 1134 655 1194 μετοί
679 1137 853 1193 φιλανθρωπίας
874 1138 910 1182 καί
930 1132 1075 1193 δικαιοσύνης

114 1203 278 1261 οίναδεξοίμευοι
292 1207 328 1250 καί
344 1208 495 1265 τριομακαρίηι
510 1207 650 1265 ε’πονομασίηι
673 1210 705 1256 εἰς
724 1203 805 1263 όίφεσιν
825 1203 943 1263 αμαρτιῶν
958 1203 1075 1263 βαπτισσί-

114 1291 192 1331 μενοι,
208 1275 254 1332 τῷό
270 1273 324 1319 ὅσον
341 1276 444 1322 δυ’νασθε
460 1277 497 1320 ἐπὶ
513 1272 538 1321 τό
554 1277 639 1321 τέλειον
651 1277 693 1346 της
706 1273 799 1332 σίηνείας
814 1272 911 1325 ἑαυτοός
925 1272 1049 1320 ἐπιδιδόναι
1057 1275 1074 1329 4,

88 1354 108 1389 15
115 1342 215 1394 δύνασθε
230 1344 339 1395 κολιίσεως
356 1345 429 1393 σίϊδιόυ
445 1347 567 1405 ῥυσθέντες
583 1341 679 1392 αἰωνίωιί
693 1340 788 1402 α’γαθῶν
804 1342 941 1403 κληρονόμοι
959 1345 1073 1402 καταστη-

113 1430 160 1459 ναι.
189 1416 261 1460 ταῦτα
277 1413 347 1461 εἰπόν
363 1426 408 1466 τοῖς
423 1412 470 1461 daal
487 1418 572 1461 παθῶν
590 1412 735 1476 όχλοκμένοις
758 1415 876 1471 προσιέναι
897 1415 1021 1467 ἐκέλευσεν,
1038 1417 1073 1461 καὶ
1129 1429 1130 1433 ’

113 1482 184 1534 οὕτως
200 1486 278 1530 πολλοὶ
294 1485 360 1544 πείρα
377 1487 421 1530 τῶν
432 1484 512 1547 ἒχθές5
529 1486 723 1542 θεραπευθέντων
734 1483 912 1541 συνεληλυθότες
923 1483 1074 1543 προσῄεσανθ,
1130 1526 1134 1548 ἶ

114 1550 125 1598 ό
142 1554 165 1599 δὲ
181 1550 222 1604 τός
235 1564 309 1614 χεῖρας
324 1554 400 1605 αὐτοῖς
415 1555 505 1604 ἐπιθείς
521 1554 557 1601 καί
568 1553 698 1612 ἐὐξάμενος
716 1559 737 1607 ἐξ
758 1552 828 1610 αὐτῆς
847 1552 982 1612 ἰασάμενος,
1003 1559 1074 1600 ε’ντει-

115 1695 257 1746 καταστορέσαι
272 1708 358 1751 nomen,
373 1701 465 1752 tuncque
480 1696 557 1739 Insidiis
573 1701 697 1750 appetuntur
716 1701 736 1738 et
752 1695 787 1751 qui
802 1695 885 1750 expellit
905 1701 925 1738 et
945 1694 980 1750 qui
1001 1696 1075 1739 cernit:

88 1767 151 1820 aequi
166 1765 257 1821 expellit,
275 1767 333 1821 qnasi
348 1773 434 1821 propter
445 1768 544 1823 justitiam
560 1767 622 1809 scierit
637 1766 761 1823 honoratus,
780 1767 875 1808 nesciens
892 1766 997 1808 daemonis
1013 1767 1073 1808 mali-
1125 1764 1134 1822 J?

114 1837 170 1888 tiam,
185 1835 244 1879 simul
260 1837 313 1878 enim
329 1849 353 1878 ac
368 1850 442 1880 nomen
465 1838 547 1881 honore
562 1842 686 1892 prosecutus
709 1843 753 1893 est,
780 1842 800 1879 ct
821 1836 871 1892 fuga
893 1849 930 1879 sua
951 1837 1034 1891 lmpium
1053 1838 1073 1878 in

115 1906 232 1961 opinionem
244 1907 336 1962 p'ustitiae
350 1909 427 1963 injecit,
448 1914 511 1963 atque
525 1910 552 1951 ita
569 1908 594 1949 ad
609 1908 760 1962 poenitentiam,
778 1920 819 1950 non
835 1907 936 1962 agendam
951 1906 1024 1949 fraude
1038 1907 1072 1949 ln·

113 1977 176 2019 duxit.
206 1977 244 2026 Oui
260 1989 310 2019 vero
327 1979 401 2033 cernit,
418 1979 466 2020 dum
481 1978 627 2020 commercium
643 1978 706 2019 habet
721 1990 767 2019 cum
784 1978 899 2031 expellente
913 1983 1015 2032 tamquam
1027 1990 1073 2019 cum

113 2048 196 2090 homine
212 2049 259 2104 pio,
280 2048 305 2090 ad
326 2049 411 2091 similem
432 2050 516 2091 vivendi
530 2048 632 2092 rationem
647 2047 746 2089 festinans
763 2048 821 2101 perit.
857 2047 960 2090 Interdum
981 2060 1032 2090 vero
1054 2058 1074 2095 et
1132 2101 1134 2108 ι

86 2132 161 2176 accos,
183 2120 218 2174 qui
233 2119 258 2160 ad
274 2119 340 2161 Deum
361 2132 403 2162 non
418 2120 512 2164 referunt
535 2120 686 2175 adjurationes,
710 2118 784 2173 lugere
799 2112 903 2174 sinrulant,
927 2125 950 2161 ut
969 2119 1072 2172 deceptos,

115 2203 162 2233 cum
175 2191 249 2247 velint,
265 2191 388 2234 interimant.
913 2182 915 2185 ⁸

170 2259 239 2302 XXIII.
269 2261 295 2302 Et
309 2260 348 2302 hoc
363 2261 425 2316 igitur
440 2273 478 2303 vos
493 2262 547 2304 solrc
563 2262 668 2316 volumus,
691 2259 744 2315 qrrod
761 2259 798 2301 nIsi
814 2260 860 2315 quris
875 2266 948 2315 sponte
969 2275 991 2305 se
1007 2263 1071 2317 ipsum

113 2331 248 2374 daemonibus
263 2344 346 2374 servum
361 2331 437 2387 tradat,
452 2333 625 2387 quemadmodum
638 2332 679 2374 dixi
693 2331 767 2387 modo,
790 2331 877 2374 daemon
897 2345 939 2374 non
956 2333 1017 2376 habet
1031 2347 1071 2388 po·

112 2407 206 2446 testatam
221 2403 241 2444 in
258 2415 310 2444 cum
341 2402 412 2457 ltaque
428 2404 488 2445 unius
503 2403 542 2446 Dei
555 2404 630 2446 cultum
646 2403 744 2458 amplexi,
770 2401 893 2444 daemonum
915 2416 985 2447 mensa
1006 2405 1071 2446 altsti-

87 2478 192 2529 adnantes,
208 2474 361 2527 ternperandam
377 2486 422 2515 cum
438 2473 562 2516 humanitate
580 2487 603 2516 ac
616 2474 693 2529 postilla
710 2473 821 2514 consectati
837 2477 858 2515 et
872 2479 904 2515 tcr
915 2475 975 2517 beata
984 2475 1071 2517 invoca·

112 2545 168 2586 tione
183 2544 204 2584 in
219 2544 359 2585 remIssionem
375 2549 507 2599 peccalorum
521 2545 627 2600 baptizati,
644 2556 682 2598 pro
698 2543 775 2585 viribus
787 2542 810 2584 ad
823 2544 1071 2599 puritatisperfectionem

111 2627 151 2659 vos
166 2614 278 2670 tradendo,
300 2616 385 2668 potestis
409 2616 433 2657 alr
450 2620 535 2658 aeterna
551 2615 602 2669 eripi
622 2614 753 2656 damnatione
775 2618 795 2655 ct
814 2614 916 2657 bonorum
939 2622 1071 2659 aeternorum

112 2685 207 2728 constitui
222 2683 315 2727 heredes.
345 2686 402 2735 Quae
419 2691 528 2740 postquam
544 2685 638 2740 dixisset,
660 2697 696 2727 eos
712 2683 746 2737 qui
761 2685 920 2739 aegritudinibus
943 2688 1072 2730 vexabantur
1124 2705 1132 2736 g

108 2756 170 2811 jussit
186 2754 296 2811 accedere,
313 2757 373 2798 etita
389 2757 446 2798 multi
461 2762 546 2811 propter
562 2760 610 2812 cos,
633 2766 686 2809 quos
702 2753 798 2797 hesterno
819 2756 852 2799 dle
874 2764 956 2801 curatos
972 2761 1071 2815 viderant,

86 2827 236 2883 utcongrcgati
252 2833 390 2870 accesserunt.
420 2826 455 2869 Ille
470 2839 521 2870 vero
538 2826 637 2881 impositis
653 2836 716 2879 super
732 2837 768 2868 cos
778 2828 871 2871 manibus
883 2834 903 2871 ct
913 2836 1008 2883 precatus
1018 2844 1072 2874 con·

144 3066 161 3102 l.
191 3059 305 3114 θελήσωσιν
320 3058 416 3103 diatono
432 3065 450 3103 C.
634 3065 653 3100 4·
684 3058 805 3111 ἐπιδιδόντες
819 3065 840 3104 Ο.

142 3127 161 3159 2.
191 3118 242 3162 ἑκσίν
257 3121 319 3161 addidi
336 3123 381 3161 cO.
406 3118 579 3172 Sulloniacis,
633 3124 652 3159 5.
682 3117 767 3173 χδέςθ.

114 3176 177 3231 ἐνδοίη
193 3182 206 3218 G
223 3181 243 3219 0.
633 3185 651 3220 6.
681 3182 706 3219 Ila
722 3182 736 3220 Ο
753 3196 769 3223 c.
785 3184 809 3233 S,
825 3183 933 3236 προσίεσαν
949 3185 969 3226 C.

143 3241 161 3276 3.
190 3240 216 3278 Ita
234 3241 257 3290 S,
272 3236 295 3280 τὸ
312 3240 326 3278 C
343 3240 363 3280 0.
