2276 3612
131 217 143 266 r,
162 218 244 256 19:20.
314 241 316 248 .
576 201 627 252 *42
681 259 683 264 ,

130 328 226 381 ἐξετάσει
242 329 270 385 τῇ
287 322 435 384 πανταχόθεν
451 320 478 367 τοί
495 321 535 367 ὅλα
550 321 612 380 ὀρθῷ
628 324 733 380 εἴληπται
748 320 853 377 λογισμῷ.
885 314 919 364 διὸ
935 312 977 376 πρὸ
993 314 1087 362 πάντων

130 395 172 443 τὸν
187 394 265 455 σίληθη
281 394 400 453 προφητην
420 397 492 450 ζητεῖν
507 393 551 446 δεῖ,
571 391 606 438 ὅτι
630 390 684 438 dnae
703 385 787 436 τοιίτον
808 387 907 447 βέβαιόν
928 407 958 434 τι
972 398 1086 446 προσεῖναι

132 463 266 524 α’νθροίποις
280 464 402 510 οίδύνατσν.

90 524 91 527 ¹
189 538 231 581 XX.
261 536 307 580 Καὶ
323 531 383 591 cincio
398 529 512 579 σίνὲπανσὲ
526 552 567 591 με,
581 529 706 589 ἐνθέμενος
720 549 761 587 μοι
773 530 808 580 τίς
822 532 868 574 ἔστι
883 528 919 572 ναὶ
931 529 977 577 πῶς
987 525 1087 586 scipione-

105 614 115 646 5
133 624 182 659 ται,
197 608 231 650 ναὶ
247 601 338 660 diapante
353 600 445 659 stipenda
460 621 500 657 μοι
516 600 637 664 παρασχών
650 599 734 656 αὑτὸν,
749 603 794 647 τῶν
810 594 871 655 παροί
887 594 1017 655 ὀφθαλμοῖς
1032 595 1086 654 ὅροι-

103 723 104 726 ,
131 677 206 731 μένον
221 673 392 730 ἐμφανεστέραν
414 674 442 730 τῇ
458 676 500 718 τοῦ
514 671 636 730 ἓπροφητσν
655 671 734 730 ὁμιλία
749 681 795 720 τοῖς
816 665 853 713 nini
875 670 945 720 δείξας
964 665 1007 724 την
1031 664 1086 725 diri-

130 751 206 795 θειαν,
221 740 249 791 aig
268 742 408 798 ἐκπλαγέντα
423 761 453 799 με
469 742 609 798 θαυμάζειν,
629 743 676 790 mdc
697 742 741 787 caio
759 741 814 785 ndat
836 739 977 796 ζητσνμὲνιον
999 742 1086 795 ἔμπρο-

129 818 186 855 σθεν
207 813 315 867 κειμένοιν
335 805 409 861 οὐδεὶς
428 813 502 869 ἐνορᾷ.
538 809 598 869 πλην
621 808 713 868 paduae
735 805 775 854 τὸν
797 809 846 865 περὶ
871 805 989 864 προφητον
1009 805 1086 864 λόγον,

130 878 199 924 αὐτον
216 881 384 930 κελεύσαντος]
407 879 453 926 ded
474 884 514 938 της
535 881 732 937 Καισαρείαςτης
756 873 886 934 Σιροίτιονος
907 876 1086 932 διαπεμφθηναί

104 961 122 994 lo
130 966 162 992 σοι
178 950 287 1005 ἐποίησε2
302 948 342 995 τὸν
357 951 444 1006 τόμον,
459 949 520 1007 παροί
536 968 575 995 σον
591 945 683 1003 ἐννοίην
700 954 758 1006 ἔχειν
771 946 850 999 εἰπών,
866 945 906 997 τοὶς
922 942 974 992 καθ’
990 953 1086 991 ἕκαστον

128 1014 233 1063 ἐνιαυτὸν
249 1016 341 1075 ὁμιλίας
355 1038 379 1063 τε
396 1022 431 1066 nui
448 1020 538 1077 πράξεις
553 1018 670 1077 γράφοντα
691 1019 831 1074 διαπέμπειν
846 1036 888 1062 σοι.
921 1015 981 1074 ὅμως
998 1021 1022 1061 ἐν
1041 1019 1084 1073 picci

128 1094 156 1144 τη
171 1084 248 1146 πρώτη
263 1087 338 1146 ἡμέρα
353 1086 424 1149 oppio
439 1088 483 1146 η’δη
497 1089 570 1145 μόνον
585 1084 725 1142 ποιούμενος
740 1088 790 1142 περὶ
806 1091 846 1131 τοὺ
861 1084 1085 1143 τηςιίληθείαςπρσ-

129 1155 213 1213 odron,
229 1160 280 1214 περὶ
297 1158 390 1203 παντων
405 1177 434 1214 με
449 1155 635 1215 ἐπληρσφόρηοεν-
670 1156 708 1201 ποί
727 1153 771 1200 εἷθ’
792 1153 863 1204 οὕτως
882 1161 935 1212 ἔφη·
958 1153 1023 1213 ἐνόρα
1043 1155 1085 1198 τοῦ

127 1227 210 1271 λοιπον
224 1225 264 1276 τοὶς
280 1231 302 1280 ἐξ
318 1229 375 1284 ε’μσύ
390 1228 447 1285 πρὸς
466 1225 554 1279 aorici}
568 1227 674 1275 ἐναντίας
688 1225 812 1284 γινομένας
827 1223 935 1282 ζητήσεις·
958 1228 994 1272 ναὶ
1016 1227 1036 1268 εἰ
1058 1219 1083 1268 ud

102 1287 196 1352 15ἧττσν
211 1293 383 1352 οἷπενίγαωμαι,
398 1295 425 1342 οὐ
441 1298 510 1343 δέδια
519 1294 551 1355 μη
567 1315 614 1347 πως
628 1295 657 1342 στί
673 1296 724 1351 περί
741 1297 782 1351 της
796 1294 966 1351 παραδοθείσης
980 1312 1016 1339 σοι
1028 1292 1084 1351 otia,-

127 1366 193 1414 θείας
208 1365 341 1425 διανριθῇς,
356 1363 382 1410 εὖ
391 1367 400 1394 ³
416 1364 477 1416 εἰδοίς
493 1365 527 1412 ὅτι
543 1363 582 1424 ἐντί
599 1363 714 1423 ηττασθαι
730 1364 805 1418 ἔδοξα,
817 1360 894 1423 ,odys4
912 1360 926 1420 η
942 1361 1054 1413 ὑπόθεσις
1069 1363 1083 1421 ἦ

129 1431 165 1478 διαί
182 1436 223 1478 τοὺ
239 1434 358 1492 προφητσα
373 1437 529 1492 παραδοθεῖσα
545 1434 607 1492 ημῖν.
641 1431 702 1490 πλην
724 1434 803 1487 ἐλπίζοι
825 1432 898 1490 μηδὲ5
920 1437 944 1479 ἐν
962 1437 991 1493 τη]
1006 1437 1083 1486 ἐξετα-

129 1506 194 1562 occup]
209 1503 265 1562 λόγῳ
280 1500 306 1549 τὸ
320 1498 390 1561 ἧττον
411 1503 582 1563 (ι’τιενὲνκασθαι
601 1501 659 1559 πρὸς
673 1502 728 1563 τοὺς
747 1505 803 1548 νοῦν
826 1507 927 1561 ἔχοντας,Ι
950 1506 1083 1560 φιλαληθεῖς

130 1620 183 1660 enim
198 1619 223 1660 ab
233 1619 289 1662 initio
303 1620 498 1663 demonstrationem
509 1626 571 1674 atque
583 1625 676 1661 exactam
689 1619 856 1675 disquisitionem,
871 1618 960 1673 undique
969 1617 1081 1671 collectam,

103 1694 202 1731 aocuncta
217 1691 297 1732 ratione
312 1697 370 1733 recta
385 1696 487 1744 assumpta
502 1696 555 1733 sunt.
586 1690 655 1738 Quare
671 1695 718 1732 ante
734 1690 801 1731 omnia
815 1701 877 1730 verus
892 1687 992 1741 Propheta
1013 1699 1080 1741 qnae-

127 1760 203 1801 rendus
220 1766 259 1813 est5
276 1762 372 1814 quoniam
388 1763 432 1803 sine
448 1763 493 1815 ipso
509 1755 560 1803 ‘firmi
576 1761 624 1816 quid
640 1762 694 1815 apud
709 1761 803 1803 homines
818 1760 889 1814 nequit
905 1759 1025 1801 consistere.

182 1830 224 1873 XX.
255 1831 360 1886 Simulque
377 1820 475 1875 satisfecit
490 1832 546 1888 milri,
562 1844 679 1887 exponens,
701 1833 746 1886 quis
761 1832 797 1885 sit,
814 1836 834 1872 et
849 1842 890 1884 quo
909 1835 969 1884 pacto
984 1829 1081 1870 invenia-

126 1905 170 1953 ταις
184 1913 277 1955 vereque
292 1902 377 1943 inventu
393 1902 472 1943 facilem
489 1915 535 1944 eum
550 1903 597 1943 milri
611 1902 717 1956 praebuit,
732 1907 846 1956 atqueper
863 1911 970 1943 sermones
985 1899 1011 1941 de
1027 1899 1081 1940 Pro-

124 1969 185 2023 pheta
200 1971 284 2014 auribus
300 1972 350 2012 meis
365 1973 472 2013 veritatem
488 1974 596 2014 clariorem
617 1973 641 2014 iis
647 2005 653 2027 ,
673 1984 726 2026 quae
745 1984 783 2026 per
798 1971 870 2014 oculos
886 1974 1008 2024 cernuntur,
1028 1971 1080 2011 red-

99 2040 185 2092 25didit3
201 2040 253 2081 adeo
269 2045 292 2081 ut
307 2041 460 2094 obstupefactus
474 2043 568 2096 mirarer,
584 2054 625 2096 qrro
641 2042 703 2083 modo
720 2054 744 2083 ea
760 2054 813 2095 quae
831 2053 901 2082 omncs
917 2047 1024 2095 quaerunt,
1040 2053 1079 2082 co-

125 2123 169 2151 ram
190 2110 256 2163 posita
277 2122 338 2152 nemo
358 2111 432 2153 videat.
475 2112 546 2165 ltaque
562 2113 623 2166 jussu
642 2112 705 2164 ipsius
725 2112 751 2152 de
774 2123 826 2153 rere
847 2110 949 2164 Propheta
967 2111 1081 2163 conscripsi

124 2180 209 2235 librum,
225 2193 286 2234 quem
302 2181 328 2223 de
344 2182 562 2226 Caesarea-stratonis
577 2182 602 2223 ad
617 2187 638 2224 te
654 2182 703 2223 mitti
718 2181 790 2236 voluit,
813 2181 882 2223 dicens
901 2193 924 2223 se
940 2194 951 2221 a
966 2186 986 2222 te
1001 2180 1079 2222 haltere

124 2250 146 2290 in
161 2249 268 2305 mandatis,
284 2251 412 2304 singulorum
428 2264 527 2294 annorum
543 2252 678 2294 allocutiones
694 2256 715 2292 et
728 2251 820 2294 actiones
835 2251 947 2304 descriptas
962 2251 988 2292 ad
1002 2256 1023 2293 te
1039 2251 1079 2292 de-

125 2320 207 2362 stinare.
237 2319 346 2361 Caeterum
363 2333 405 2362 uno
421 2335 445 2364 ac
460 2323 525 2376 primo
541 2322 586 2376 die,
608 2321 738 2364 solummodo
755 2323 798 2377 J'am
818 2323 918 2377 incipiens
940 2321 966 2364 dc
986 2322 1079 2365 veritatis

98 2388 237 2444 3⁰Proplreta,
250 2390 271 2430 in
287 2391 381 2432 omnibus
397 2397 475 2432 certum
491 2405 523 2433 me
538 2391 635 2434 reddidit:
650 2397 766 2446 posteaque
780 2393 807 2434 ita
822 2392 873 2434 insit:
893 2392 1001 2435 considera
1017 2392 1078 2434 dein-
1103 2389 1104 2392 ’

125 2473 174 2516 ceps
191 2473 240 2515 quas
256 2466 326 2502 contra
342 2461 473 2505 adversarios
488 2462 595 2510 habiturus
611 2475 656 2505 sum
673 2463 831 2517 disputationem
855 2468 875 2505 ct
896 2463 982 2504 inferior
1004 2463 1021 2505 si
1040 2476 1078 2505 re-

124 2543 220 2585 cessero,
235 2543 276 2572 non
290 2544 368 2573 uereor
383 2545 410 2574 ne
425 2534 479 2575 sorte
494 2539 517 2576 tn
534 2533 560 2576 de
575 2534 649 2576 tradita
665 2535 701 2576 tibi
713 2536 801 2577 veritate
815 2534 917 2587 ambigas3
933 2539 955 2575 nt
970 2533 1004 2588 qui
1019 2534 1077 2589 scias,

123 2614 156 2643 me
172 2601 254 2655 quidem
269 2608 387 2655 superatum
402 2603 476 2658 rideri,
492 2615 534 2643 non
549 2608 616 2644 autem
631 2604 691 2647 nohis
709 2617 721 2646 a
735 2603 837 2658 Propheta
849 2602 942 2645 traditam
957 2602 1077 2646 doctrinam.

123 2671 189 2725 Spero
206 2676 274 2713 tamen
290 2684 358 2726 neque
373 2674 394 2713 in
411 2673 573 2726 disquisitionum
588 2674 718 2717 sermonibus
732 2673 832 2715 inferiora
846 2673 958 2715 relaturum
969 2686 1007 2729 me,
1024 2674 1078 2727 apud

155 2771 172 2807 1.
203 2763 360 2820 νελειίσανταθ,
376 2780 399 2807 ex
415 2781 451 2819 quo
462 2770 541 2807 accessit
553 2768 588 2820 της
612 2782 654 2808 esse
670 2766 754 2821 ἐποίησα
770 2775 788 2807 et
804 2764 899 2814 εἰπόντος.
929 2769 948 2808 Si
962 2769 1077 2807 anacolutlria

124 2832 165 2865 ante
180 2823 309 2876 Στράτωνος.
612 2829 733 2875 conceditur,
761 2827 877 2866 inserendum
897 2828 962 2866 saltem
987 2820 1010 2866 oi
1032 2832 1077 2878 post

153 2890 172 2926 2.
201 2887 296 2924 lllanifesta
311 2893 339 2923 est
353 2887 406 2934 hujus
423 2886 461 2923 loci
476 2887 587 2935 corruptela.
615 2884 753 2928 κελεύσαντος.
784 2888 803 2926 S.
1024 2879 1049 2917 3

124 2943 195 2982 Rufinus
215 2946 240 2983 ita
260 2943 403 2993 interpretatur:
430 2945 490 2986 „unde
511 2946 587 2992 jubente
643 2949 662 2984 3.
693 2939 713 2984 ei
731 2946 756 2993 D,
771 2938 782 2996 ἦ
799 2946 813 2982 C
829 2944 850 2984 Ο.

125 3014 147 3039 eo
163 3004 270 3042 —libnnn
287 3025 315 3031 υ
331 3003 442 3052 conscripsi,
466 3015 542 3052 eumque
564 3005 587 3041 ad
641 3007 660 3042 4.
692 2998 734 3054 οὐχί
751 3004 770 3040 C.

125 3065 142 3097 tc
159 3060 286 3112 ipsojubente
302 3061 398 3100 transmisi.
434 3061 510 3100 Dicebat
531 3063 584 3108 enim,
642 3065 660 3101 5.
690 3058 794 3114 ltaS,1.oi
811 3060 884 3101 racd.
915 3061 956 3097 Tum
973 3057 1077 3108 ἐξεεᾶοναι

124 3120 223 3158 rnamlatnm
237 3135 258 3160 se
274 3120 371 3171 accepisse
381 3121 446 3167 abste,
461 3124 479 3157 ut
489 3127 584 3165 *traris-
611 3120 736 3160 Omendcsa.

123 3177 217 3218 mitteret.H
253 3182 304 3219 Unde
324 3177 433 3218 crediderim
452 3179 581 3226 corrigendum
