2276 3612
536 195 578 238 ate
721 165 723 169 ’
908 191 945 242 xri,
961 195 993 231 aa.
1011 194 1044 230 aa.

80 319 177 369 τατηχεῖ,
198 307 238 351 τῶν
254 312 390 356 πενθοῦντα
405 316 577 367 παραμυθεῖται
582 344 590 364 ,
605 307 783 369 ἐπηρεαζόμενος
804 309 887 365 στένει,
909 305 1044 366 ιίχαριστοιί-

78 379 165 439 μενος1
180 376 221 422 ctio
237 376 364 436 ῶναναττεῖ.
401 379 513 430 stataet
529 376 678 438 aponoculo
694 383 792 439 πλησίον
812 376 841 431 ῶς
856 373 939 424 saeclo
955 373 1042 422 ῶποελε-

80 447 151 497 έωαῶς
166 448 249 494 πενίαν
264 447 291 495 οῶ
307 447 451 509 πεφόβηται,
466 445 521 495 ῶλλοί
538 449 565 496 τοί
580 454 664 498 ἑανεοῶ
679 453 774 510 μερίζων
790 463 835 502 τοῖς
852 445 893 496 ονίι
910 453 984 509 έχουσι
1001 448 1042 492 πέ·

78 538 119 577 νης
133 521 228 578 γίνεται.
259 517 306 566 ἁλλ’
322 517 374 566 οὐδὲ
389 517 438 578 μην
453 515 637 577 οἷμαρτοίνονόα2
658 533 754 579 τιμωρεῖ.
789 520 858 581 ῶγοίρ
879 518 920 567 τὸν
943 520 1041 575 πλησίον

77 589 170 651 οίγαπῶν
188 585 216 640 ῶς
231 589 322 643 eomodo,
338 586 366 640 ῶς
381 588 450 640 αῶτὸς
466 587 600 649 ῶμαρτηοας
617 593 661 638 οἶδε
677 596 835 652 τιμωρηθῆναι
847 588 880 652 μη
895 591 983 642 θέλειν,
999 587 1057 635 orl-t

77 682 116 712 τως
132 656 185 708 corle
200 659 254 711 τούς
269 658 448 718 οἶμαρτοὶνοντας
463 670 560 719 τιμωρεῖ.
590 662 627 707 καί
643 659 670 711 ῶς
686 664 750 708 θέλει
765 661 929 709 κολακεύεσθαι
949 661 986 705 ναί
1003 657 1041 704 εῶ-

77 736 193 789 λογεῐσθαι
209 733 246 778 καί
264 733 381 788 τιμῶσθαι
397 732 432 776 ταί
449 729 527 776 ποίντα
549 729 593 777 τοί5
614 729 768 790 οἶμαρτηματα
791 731 849 791 αὐτῷ
871 738 1041 793 σονχωρεῖοθαι,

77 803 143 847 τοῦτο
161 799 229 852 αὐτὸς
238 819 273 846 τω
289 802 386 859 πλησίον
403 800 485 853 ποιεῖί,
508 800 535 851 ῶς
550 799 632 846 ἑαυτὸν
648 806 731 846 ἐτεῖνον
748 798 850 860 ῶναπῶν.
884 804 920 848 έπί
936 799 1006 860 λέγω,
1028 798 1040 845 ὃ

77 873 139 919 θέλει
152 873 234 929 έοντῶ,
249 871 313 916 θέλει
328 872 363 916 ταί
379 871 408 931 τῶ
425 872 530 927 πλησίον.
561 864 628 921 οὗτος
641 870 685 928 νοίρ
700 876 747 917 ἐστι
764 873 825 917 Θεοῶ
839 871 910 929 νόμος
930 874 965 917 ταὶ
981 890 1038 929 προ-

77 943 164 1002 φητῶν,
180 939 257 1000 αὕτη5
270 942 311 996 της
327 938 437 999 οίληθείας
452 939 467 999 η’
483 941 622 987 ελιελασπαλία.
652 942 688 986 ταί
705 942 777 987 ταῶτα
792 947 837 998 μέν
856 940 934 1001 ιίγοίπη
950 940 964 1000 ἦ
980 937 1064 998 oporto

76 1010 151 1059 ποίντα
168 1010 294 1070 ἄνθρωπον
310 1011 382 1058 τελεία
398 1007 424 1056 τῶ
441 1008 507 1069 ὀίρρεν
523 1012 593 1069 μέρος
609 1012 670 1057 ἐστίν
686 1006 745 1057 orion
762 1014 802 1069 τῆς
819 1012 998 1069 φιλανθρωπίας,
1012 1011 1037 1058 τέ

76 1086 99 1130 aa
115 1084 183 1128 ἐλεεῖν
199 1079 224 1126 τὸ
240 1084 300 1141 θηλο
315 1082 382 1139 μέρος
397 1084 457 1129 ἐστίν
473 1079 548 1138 ον’της.
578 1079 634 1138 ὅπερ
650 1083 696 1129 ἐστί
712 1083 825 1127 πεινῶντα
841 1083 928 1140 θρέψαι
943 1083 979 1127 ναὶ
994 1100 1037 1127 πο-

74 1151 113 1199 alu
133 1152 227 1209 διψῶντι
248 1161 373 1212 παρασχεῖν
393 1153 428 1197 ναὶ
449 1149 539 1210 γυμνῶν
562 1153 654 1198 ε’νελῶσαι
675 1153 710 1197 ναὶ
729 1154 842 1198 νοσοῶντα
866 1153 1035 1204 ἐπισκέψασθαι

74 1224 109 1268 ναὶ
123 1223 187 1275 ξένον
204 1224 328 1275 (λέξασθαι,
352 1221 436 1282 ‘raffau
451 1224 527 1281 εἱρττη
542 1220 598 1268 τατοί
618 1219 644 1267 τί
664 1219 763 1268 ελννατὸν
783 1222 965 1279 ἐπιφαινόμενον
979 1227 1037 1281 βοη-

76 1300 135 1345 θεῖν,
151 1290 290 1346 ῶπαξοιπλῶς
305 1288 346 1336 τὸν
361 1296 385 1337 έν
401 1302 529 1351 συμφοραῖς
544 1293 640 1351 ε’λεησαι.
1041 1299 1061 1333 15

129 1363 217 1406 XXXIII.
247 1358 306 1419 Ἐγοί
320 1361 343 1407 (λέ
359 1357 459 1412 οίαοῶσας
474 1367 542 1420 ἔφην·
560 1365 633 1408 ταῶτα
643 1359 795 1420 pat-atvertum
809 1361 926 1420 πράττειν,
942 1361 1036 1423 έχθροῶς

73 1435 95 1479 ris
111 1433 247 1492 εὐεργετεῖν,
269 1434 348 1478 πῶσαν
368 1427 443 1478 αὐτῶν
462 1431 610 1490 ῶποφέροντα
626 1431 746 1488 ε’πηρειαν,
769 1428 811 1477 oria
826 1432 922 1487 οἴομαι7
938 1430 1035 1479 tenuato

72 1501 204 1561 οίνθρωπείη
220 1512 336 1557 προσεῖναι
353 1498 426 1558 φύσει.
456 1503 492 1548 ταὶ
509 1498 520 1547 ὁ
539 1503 625 1561 Πέτρος
640 1501 788 1559 οίπετρίνατο’
805 1498 879 1558 ὀρθῶς
891 1506 957 1559 ἔφης·
974 1499 1036 1548 οίθα-

72 1573 153 1624 νασίας
167 1574 211 1630 νοὶρ
227 1574 290 1618 αἰτία
311 1568 398 1629 ctione}
421 1574 583 1630 φιλανθρωπία
602 1574 689 1618 πολλοι]
704 1572 799 1618 δίδοται.
829 1566 888 1630 nopai
903 1575 971 1629 ἔφην·
989 1576 1035 1624 πῶς

72 1715 117 1767 bet,
138 1714 262 1757 irascentem
283 1713 356 1770 llectit,
378 1712 482 1756 inimIcum
498 1714 602 1769 conciIIat,
625 1719 768 1757 contumacem
783 1712 888 1769 hortatur,
907 1713 1059 1759 incredulumao

71 1785 164 1841 Instituit,
180 1784 286 1840 lugentem
302 1784 431 1839 consolatur,
447 1785 562 1839 exagitatus
578 1784 677 1839 sustinet,
692 1785 774 1839 ingrate
790 1789 886 1837 acceptus
898 1785 1034 1839 nonindigne

71 1856 119 1911 lert,
141 1867 256 1910 propensus
273 1861 303 1898 est
323 1855 348 1897 ad
368 1855 492 1911 diligendum
513 1855 628 1910 proximum
650 1860 752 1909 tamquam
772 1865 806 1909 se,
829 1861 969 1914 paupertatem
991 1869 1034 1899 non

70 1927 136 1982 timet,
153 1939 225 1969 verum
241 1938 279 1968 sua
294 1937 336 1967 non
351 1925 473 1968 habentibus
489 1925 582 1968 dividens
597 1925 619 1967 fit
634 1937 718 1980 pauper.
748 1923 789 1967 Sed
805 1937 844 1967 nec
858 1931 979 1979 peccantem
998 1927 1032 1968 ul-

70 1998 157 2040 ciscitur.
188 1997 227 2047 Qui
242 1997 295 2039 enim
310 1997 426 2051 proximum
441 1996 497 2039 uelut
512 2010 536 2040 se
551 1996 625 2052 diligit,
649 1995 820 2051 quemadmodum
835 1997 889 2052 ipse,
913 2009 959 2039 cum
979 2010 1031 2052 pec-

70 2069 132 2124 cavtt,
149 2068 186 2111 scil
201 2068 256 2110 nolle
269 2069 290 2109 iu
306 2080 329 2110 se
345 2067 488 2123 autmadvcrti,
511 2068 539 2110 ita
558 2080 600 2109 vnec
620 2072 744 2120 peccatores
761 2067 857 2123 casugat,
881 2072 901 2109 et
921 2069 974 2110 sicut
989 2069 1056 2112 vultus

69 2138 189 2194 demulceri,
209 2138 314 2194 herredim,
337 2138 447 2193 honorari,
470 2139 602 2193 omniumque
623 2138 743 2180 delictorum
759 2138 840 2180 remam
862 2139 966 2194 accipere,
991 2139 1031 2182 lroo

69 2209 112 2262 lpse
127 2208 220 2262 proximo
236 2208 295 2265 facit,
312 2221 373 2264 quem
388 2209 444 2251 velut
459 2221 481 2252 se
498 2214 557 2252 amat.
588 2209 632 2251 Uno
648 2209 725 2264 verbo,
741 2208 797 2263 quod
813 2209 850 2251 sihi
866 2210 926 2265 cupIt,
943 2210 997 2264 cupit
1011 2215 1031 2252 et

67 2280 168 2332 proxirno.
203 2279 260 2322 Haec
282 2281 335 2321 enim
360 2285 391 2322 est
405 2279 444 2322 Dei
465 2292 488 2322 ao
511 2279 658 2335 prophetarum
679 2280 722 2336 lex,
743 2280 794 2322 haec
818 2281 910 2324 veritatis
931 2281 1031 2323 doctrina.

68 2350 138 2406 ltaque
154 2351 228 2393 caritas
244 2363 295 2407 erga
312 2364 393 2393 omnem
415 2351 519 2394 hominem
541 2350 634 2405 perlecta
653 2363 702 2405 pars
728 2356 759 2394 est
780 2352 870 2395 mascula
894 2352 1029 2395 humamtatis.

67 2420 93 2463 At
108 2421 250 2463 misericorrIIa
264 2434 313 2476 pars
335 2428 367 2465 cst
379 2422 432 2465 illius
447 2421 543 2464 feminea.
582 2421 639 2470 Quae
660 2426 701 2477 est,
725 2421 849 2465 esurientem
869 2423 936 2479 alere,
960 2428 1050 2477 potamau

68 2492 141 2534 sitienti
157 2491 214 2547 dare,
229 2491 306 2534 nudum
322 2494 409 2548 vestite,
427 2492 510 2534 visitare
528 2492 669 2547 languentem,
691 2491 792 2547 hospitem
814 2494 919 2550 recipere,
944 2506 1029 2537 carcere

67 2564 186 2606 conclusum
199 2574 238 2617 pro
254 2563 331 2605 viribus
347 2564 437 2606 iuvisere
453 2568 473 2605 et
485 2564 566 2619 juvare,
583 2563 666 2618 omnino
681 2562 772 2619 dentque
787 2564 900 2608 calamitosi
915 2565 1013 2607 mIsereri.

123 2633 212 2676 muxtu.
242 2632 287 2688 Ego
304 2646 355 2676 vero
372 2633 440 2676 atrdito
461 2633 501 2676 hoc
525 2633 575 2675 dixi:
597 2633 649 2675 haec
672 2634 754 2687 quidem
775 2635 845 2677 facere
865 2648 985 2691 possunms,
1008 2640 1028 2677 at

65 2704 150 2747 immicis
166 2703 292 2745 berrciacere
309 2716 424 2759 omnesque
440 2717 510 2747 corum
526 2705 610 2760 iujurias
626 2704 726 2760 tolerare,
747 2711 770 2747 ut
784 2707 831 2748 insit
848 2706 972 2748 Inhumana
988 2718 1026 2747 na-

66 2780 119 2832 tura,
135 2775 259 2828 impossibile
274 2780 330 2828 puto.
367 2776 417 2817 'lum
433 2776 503 2817 Petrus
523 2775 637 2829 respoudit:
656 2780 715 2817 recte
736 2775 819 2819 locutus
835 2790 863 2819 es,
902 2776 951 2818 Cum
972 2777 1050 2821 enimes

65 2846 178 2889 humanitas
194 2858 255 2889 causa
271 2847 296 2889 sit
312 2848 476 2903 immortalitate,
492 2848 554 2889 rrrrulto
572 2851 657 2888 constat.
694 2845 742 2888 Dixi
758 2859 808 2902 ego:
830 2861 870 2903 quo
888 2849 948 2890 morlo
964 2847 1025 2902 igitur

109 3053 113 3061 .
143 3019 312 3076 ῶχειριστοῶμενος
329 3025 350 3064 0.
588 3024 605 3058 5.
636 3015 755 3072 εῑῶτηθθ,
772 3018 857 3074 naupli,
873 3016 922 3072 αὑτὴ
938 3022 964 3059 CI.

107 3110 113 3120 .
142 3078 296 3135 ἁμαρτάνοντας
312 3083 358 3122 Coti.
373 3086 419 3134 Reg.
436 3086 484 3123 804,
587 3085 605 3117 6.
636 3079 664 3128 τῷ
679 3081 693 3118 0
711 3095 727 3119 c.
745 3084 770 3130 D,
787 3081 826 3120 τῶν
841 3082 860 3118 G.

108 3171 112 3179 .
143 3135 282 3181 mitescente
300 3143 321 3180 0.
586 3142 604 3177 7.
635 3134 737 3191 οίεμαιΟ.

109 3229 112 3236 2
143 3200 205 3238 uarat
223 3204 241 3250 7,
259 3205 292 3241 ra.
