2276 3612
526 198 567 243 311
915 197 954 249 xv,
971 202 988 237 ε.
1005 201 1024 238 r.

63 323 107 362 τοῖς
122 312 164 355 που
179 313 284 359 ε’νανυίου
299 312 367 363 άλοιίς
383 312 456 371 ὅροις,
472 312 499 360 ου’
515 315 573 359 donet
590 331 622 359 σοι
639 310 673 357 ὄιι
689 307 700 357 ὁ
716 312 793 372 λαβών
808 309 834 360 ου’
851 310 970 356 διπλάσιον
987 310 1023 356 καί

64 383 167 429 θανάτου
184 377 254 427 odedu
269 382 384 436 α’πολάσας
401 380 562 442 φιλάνθρωπος
578 383 694 443 τυγχάνεις
709 386 744 430 καί
761 381 772 429 ά
789 378 927 442 πανάρέγιη·
945 380 1023 437 φαίνε-

63 471 107 497 ται.
137 453 172 497 καί
189 449 201 496 o‘
219 454 313 511 Πίερος·
330 456 353 501 τί
367 456 398 508 (λε’,
415 452 442 499 ου’
457 453 497 514 γρή
512 451 553 499 σάν
565 458 588 499 ἐν
603 454 679 510 ἑτέρου
690 456 794 514 βασιλείᾳ
807 452 862 501 ὄντα
872 451 888 505 ¹,
904 451 939 496 ναί
951 451 1022 495 noceo

63 523 164 578 πονηρού
176 519 242 576 ῥτινάς
257 527 408 585 ε’γθρού,πσιι”
425 526 466 582 ζιγν
482 522 547 584 χάριν
564 523 651 574 πάντας
667 522 809 579 κολακεύειν,
831 525 868 569 ναὶ
884 518 1023 581 άγγαρεύου-

63 610 98 639 σιν
115 593 150 637 ε’πί
165 596 243 638 πλεῖον
258 591 368 649 ὑπείκειν,
383 592 416 652 μὴ
428 594 638 652 προσαγορεύοντας
648 591 831 651 προσαγορεύειν,
846 587 943 654 ε’χθροιίς
959 590 1013 636 διαλ·

61 661 164 715 λάοοειν,
187 661 338 723 ὀργιζομένοις
360 663 393 722 μή
408 668 555 722 φιλονεικεῖν,
575 661 603 710 τά
623 667 707 708 ἑαυτοῦ
726 659 809 712 οίιλεοίς2
830 666 899 708 παντὶ
915 662 1015 707 utendae,
1035 660 1037 664 ’

62 732 180 791 παρέχειν,
195 735 231 779 ιιαὶ
247 732 288 779 ὅσα
305 737 412 789 υοιαιλπας
435 734 471 779 ναί
497 732 610 791 donorio·
635 731 712 777 πάνια
736 735 824 789 μάλλον
846 731 940 792 εὐλόγως
960 729 1018 777 dno-

62 802 216 859 σναιίγόμίπερ
231 801 318 847 τούτων
333 802 359 849 πὸ
369 805 416 862 Ἰζῆν
432 805 552 860 προκρίνει.

117 872 156 915 VH.
187 873 231 918 Καί
247 868 259 916 ὅ
280 868 372 931 Πέτρος·
390 872 493 920 οὐαοὺν4
508 871 550 924 οὓς
566 870 691 918 άιλιοεῑοθαι
707 876 790 929 ἔλεγες,
806 870 869 918 αὐτοὶ
884 876 1017 931 παρορισοαί

59 940 222 1002 τυγχάνουσιν,
244 939 320 988 ααθὸ5
335 948 359 988 ἐν
374 945 451 1002 ἑτέρου
467 945 508 989 εἰσί
523 944 640 1001 βασιλεία,
660 944 695 987 καί
716 943 824 988 νοοουτον
838 944 969 999 πλεονὲίπαι
985 948 1043 995 εἰ-ιο

61 1014 109 1063 οίν,
125 1009 178 1057 ὅσον
193 1015 323 1069 κεκτημένοι
340 1015 408 1059 er'or'o‘
425 1019 446 1059 οἱ
461 1012 495 1058 d’5
511 1010 594 1058 άάικεῑν
610 1011 757 1071 νομιζόμενοι
772 1012 871 1058 τοοαυπα
888 1007 972 1067 dudeco
989 1020 1018 1073 τῷ

59 1087 79 1134 ἐξ
94 1081 199 1132 ἐναντίας
214 1080 262 1126 ὄνοι
276 1086 431 1144 γαρίζονοαι7,
446 1082 488 1131 ὅσα
506 1081 535 1130 σίν
551 1079 628 1134 αυάοῑς
642 1087 700 1143 ἔχειν
712 1085 861 1143 συγχωρῶσιν.
892 1080 965 1128 odedu
975 1081 1017 1143 γάρ

59 1157 104 1198 ὲοαι
119 1151 191 1196 ναάυα
208 1152 294 1199 πάντά
311 1153 414 1210 παρόντα
429 1156 550 1211 ἑλομένων.
590 1155 625 1199 καί
641 1157 672 1203 εἰς
687 1155 796 1199 τοσούτου
812 1149 970 1209 φιλάνθρωποί
986 1160 1017 1201 εἰ·

59 1238 94 1267 σιν
100 1255 107 1275 ,
129 1216 157 1270 ὦς
172 1219 197 1266 τά
212 1225 251 1279 ζῇν
272 1221 347 1273 αυόοῑς
369 1234 494 1285 συγχωρεῖν.
532 1226 567 1270 καί
587 1220 612 1268 τὸ
634 1226 678 1279 μὲν
699 1221 843 1280 παράδειγμα
867 1220 938 1272 οὕτως
960 1227 1016 1284 ἔχει·

58 1289 122 1336 diove
132 1286 175 1347 ιλιλΒ
186 1286 238 1336 αὐτὸ
248 1291 272 1337 cd
283 1295 385 1350 πράγμα.
408 1291 418 1338 ά
429 1296 469 1350 οής
478 1291 589 1352 <tinuatur
601 1288 679 1351 noodr
688 1290 822 1349 noocn‘uno9
838 1292 936 1347 ἑιλίιλαξεν
946 1292 1040 1350 άμοῖςμε

56 1359 90 1406 ὅτι
106 1358 117 1405 ά
133 1363 177 1406 ταν
192 1359 249 1408 ὅλοιν
265 1362 400 1421 ιλιγμιουργὸς
414 1365 450 1409 ναί
467 1360 523 1413 Θεὸς
540 1364 589 1409 doni
611 1380 671 1409 οισιν
695 1360 804 1417 άπὲνειμε
825 1364 943 1419 βασιλείας
965 1364 1015 1423 do'o,

56 1430 136 1490 άγαθῷ
151 1432 225 1497 νομαί
241 1435 344 1491 πονηρῷ,
367 1431 420 1484 δυάς
436 1435 464 1490 τῷ
480 1437 524 1489 μὲν
539 1435 597 1491 nond
613 1434 653 1478 που
669 1429 783 1488 παρόντος
799 1427 885 1488 ιιάομου
900 1429 959 1489 μενά
975 1434 1015 1480 νό-

55 1518 99 1555 μου
114 1498 156 1557 τήν
170 1502 304 1556 βασιλείαν,
327 1497 376 1547 ὥστ’
395 1499 423 1547 άν
440 1500 497 1561 ἔχειν
512 1503 615 1556 ἐξουσίαν
630 1500 731 1555 κολάζειν
748 1497 801 1550 codo
818 1497 962 1552 αἰλιαούντας·
985 1506 1014 1563 τῷ

55 1667 127 1709 nempe
140 1655 161 1696 in
177 1648 290 1695 adversarii
304 1645 376 1687 finibus
392 1649 463 1699 captus
479 1644 514 1698 sit,
532 1655 599 1685 nonne
615 1642 650 1684 tibi
666 1641 755 1696 videtur,
771 1640 880 1683 humanum
897 1655 943 1686 esse
959 1657 1011 1703 eunt,

55 1727 89 1780 qui
104 1725 186 1779 duplurn
202 1718 280 1773 aceepit
296 1722 316 1758 et
331 1721 418 1757 nrortern
433 1715 460 1756 idi
475 1714 568 1756 renrisit?
598 1714 623 1755 Et
635 1718 694 1767 pater
710 1714 747 1755 ait:
763 1712 840 1754 eiarurn
857 1719 894 1757 est.
925 1715 956 1756 Ao
971 1717 1038 1760 Ρσ-υσ

54 1803 105 1838 trus:
121 1794 169 1850 quid
185 1803 243 1846 voro,
258 1799 328 1830 nonne
344 1791 434 1841 oportet,
450 1790 479 1840 ut,
495 1785 564 1839 quiin
581 1784 664 1826 alterius
680 1796 746 1838 regno
762 1789 868 1839 versatur,
885 1785 947 1840 idque
962 1801 1012 1842 pes.

53 1868 96 1911 sirni
111 1865 186 1918 hostis,
209 1862 269 1903 vitain
285 1856 420 1899 conservandi
436 1856 501 1910 gratia
518 1855 610 1897 omnibus
627 1854 727 1914 aduletur,
744 1860 765 1896 et
777 1856 797 1896 vi
809 1855 938 1909 adigentibus
946 1861 1011 1913 magis

53 1938 121 1992 cedat,
138 1947 180 1977 non
196 1933 307 1976 salutantes
323 1927 406 1981 salutet,
421 1927 515 1969 inimicos
531 1926 567 1967 sibi
579 1926 679 1980 conciliet,
695 1938 740 1967 curn
753 1925 888 1968 irascentibus
900 1940 942 1969 non
957 1942 1010 1971 con·
1034 1940 1035 1943 ’

53 2008 132 2062 tendat,
147 2016 184 2047 sua
199 2002 254 2046 ornni
268 1999 344 2054 petenti
359 1998 459 2051 praebeat
474 1997 581 2051 audacter,
604 2003 624 2039 et
639 1997 699 2039 faeiat
715 2009 858 2051 quaecumque
873 2004 920 2040 sunt
937 1998 1010 2055 buJus.

52 2078 121 2121 nrodi?
152 2075 201 2117 Turn
218 2078 284 2127 pater:
300 2073 372 2111 cuneta
387 2069 456 2122 potius
472 2068 544 2110 rnerito
561 2068 678 2117 sustinebit,
694 2067 710 2108 si
726 2066 756 2109 his
771 2067 831 2108 vitain
847 2068 943 2121 praefert¹
1015 2078 1034 2109 at

108 2146 148 2189 VII.
178 2146 204 2187 Et
214 2144 297 2185 Petrus:
308 2151 378 2182 nonne
389 2139 451 2193 igitur
466 2139 485 2195 ii,
503 2151 556 2193 quos
572 2137 656 2180 dicebas
672 2138 725 2179 effici
740 2138 820 2194 injuria,
835 2139 874 2192 ipsi
886 2146 933 2183 sunt
941 2141 1009 2184 finium

50 2226 221 2273 transgressores,
236 2214 256 2255 in
273 2217 370 2268 qrranturn
384 2214 494 2251 versantur
508 2210 529 2250 in
544 2221 610 2263 regno
626 2209 719 2263 alterius,
737 2214 757 2250 et
772 2209 792 2250 in
804 2215 881 2251 tanturn
898 2211 1009 2254 defrauda-

51 2295 104 2331 tores
121 2284 176 2341 sunt,
191 2287 211 2327 in
227 2289 325 2339 quantum
339 2280 459 2336 possident?
483 2280 523 2323 Sed
540 2281 573 2335 qui
589 2279 685 2321 videntur
697 2279 767 2320 facere
782 2280 881 2336 injuriam,
898 2283 1008 2338 unicuique

51 2373 76 2401 ex
91 2359 194 2401 contraria
209 2360 267 2410 parte
292 2359 347 2397 tanta
371 2352 523 2407 gratificantur,
546 2356 621 2405 quanta
643 2350 672 2391 eis
692 2351 811 2404 permittunt
833 2351 915 2395 babere.
952 2354 1007 2396 Haec

51 2431 122 2485 quippe
139 2427 164 2469 ad
179 2440 215 2470 eos
230 2427 342 2480 pertinent,
359 2425 392 2477 qui
408 2424 524 2477 praesentia
543 2423 656 2476 elegerunt.
690 2422 715 2463 Et
730 2421 783 2463 adeo
805 2422 887 2463 inurbani
907 2429 962 2480 sunt,
985 2431 1033 2468 utto

49 2501 84 2543 iltis
99 2500 160 2541 vitarn
176 2498 260 2539 donent.
290 2495 359 2549 Atque
374 2493 489 2547 exemplum
506 2495 533 2535 ita
549 2492 630 2546 quidern
647 2491 712 2534 babet.
752 2492 805 2534 Audi
817 2495 859 2548 Jern
875 2494 938 2547 ipsarn
953 2509 1003 2538 rem,

48 2569 141 2613 Veritatis
156 2566 255 2621 propheta
270 2566 381 2607 adveniens
398 2564 467 2607 docuit
483 2575 527 2618 nos,
543 2562 598 2617 quod
614 2562 703 2603 ornniurn
719 2569 803 2605 creator
817 2576 841 2605 ae
851 2564 907 2607 Deus
924 2566 1004 2610 duobus

49 2640 167 2696 quibusdam
183 2638 223 2680 duo
239 2648 304 2690 regna
321 2636 430 2690 distribuit,
446 2635 501 2676 bono
518 2639 538 2675 et
554 2634 612 2686 rnalo,
629 2631 678 2673 dans
694 2632 747 2673 malo
764 2634 845 2686 quidern
861 2647 948 2690 regnum
962 2637 1002 2678 hu.

45 2713 78 2764 J'us
94 2709 162 2752 mundi
177 2708 223 2749 curn
238 2706 296 2761 lege,
311 2707 338 2748 ita
354 2711 376 2747 ut
391 2706 464 2747 babeat
480 2709 600 2758 potestatem
615 2702 726 2757 injuriosos
741 2704 848 2760 pruniendi,
863 2706 918 2748 bono
934 2713 1000 2750 antem

77 2857 94 2893 t.
124 2848 253 2903 νοίιςὲυέρου
270 2846 509 2902 βασιλέωςίίυταςρυὸν
565 2850 583 2886 5.
613 2841 669 2885 καθά
685 2846 704 2884 G.

47 2911 77 2961 [ἐν
93 2913 106 2950 G
123 2912 164 2951 add.
181 2923 204 2950 en
219 2908 308 2957 conjece]
328 2906 397 2962 ἑτέρου
416 2906 509 2964 βασιλεία
565 2911 581 2944 6.
613 2897 660 2943 odoro
683 2902 702 2944 οἱ
723 2918 741 2954 p.
758 2903 814 2946 εἰσίν·
833 2905 853 2946 οἱ
868 2904 884 2946 δ’
901 2909 924 2961 C,
941 2902 1000 2958 ὦσιν·

48 2966 95 3011 ὄντα
111 2972 132 3010 0.
536 2963 554 3005 οἱ
570 2966 588 3003 S.

75 3035 94 3071 2.
123 3031 209 3068 Fortasse
224 3024 294 3079 ἡδέως.
311 3028 330 3067 S.
564 3027 582 3061 t.
612 3024 638 3060 Ita
654 3023 669 3060 0
685 3036 701 3062 c.
717 3022 855 3077 8,χιιρίζανπ
871 3024 889 3062 C.

75 3093 93 3129 3.
121 3083 382 3138 incustoditae
405 3087 440 3126 Cir.
458 3085 510 3124 Hom.
563 3085 582 3122 8.
614 3077 634 3121 δὲ
651 3082 672 3121 0.

46 3147 74 3197 tlt,
90 3150 123 3188 31.
140 3148 231 3195 713xt1,
247 3150 266 3187 d.
564 3146 581 3179 9.
611 3136 833 3194 προιγήειγςπαράνίλ

77 3210 96 3246 4.
127 3201 233 3246 οίίκουνΟ.
270 3229 271 3232 =
