2276 3612
65 250 67 253 ·
101 244 140 295 nu,
159 249 193 285 22.
210 249 244 287 23.
561 242 603 290 270

158 361 219 405 XXII.
254 353 394 415 Λαβόμενος
415 352 456 402 οὖν
477 360 518 415 τῆς
544 359 616 421 χειρὸς
645 358 716 418 ου’«ιης
740 359 753 405 ὁ
773 360 860 416 Πέτρος
883 356 957 419 ἤγεν1
980 363 1016 407 ἐπί
1038 361 1062 409 τέ

100 432 187 477 πλοῖον.
218 429 257 487 ἐγώ
273 430 295 474 (λέ
312 424 364 472 ituit
380 422 453 473 uuida
466 433 649 490 χειραγωγουντα
672 440 765 491 γυναῖκα
782 432 887 487 ἐγέλασα,
910 433 946 477 καί
967 435 1062 489 προσελ-

100 498 209 561 &uastis
225 494 295 556 utilit
310 493 395 550 nuncu,
411 495 460 542 ἄντ’
476 495 548 546 αὐτου
562 512 701 561 χειραγωγεῖν
717 495 791 557 αιίτιίν
801 497 935 559 ἐπειρώμην.
965 503 1001 547 καλ
1013 500 1062 558 ἅμα

98 574 133 629 cpi
145 569 252 624 ἅψασθαί
268 587 298 626 με
313 571 353 624 τῆς
368 565 440 628 χειρὸς
457 565 528 628 αὐτῆς
542 570 668 624 ὀλολύξαοα
683 568 711 621 uie
726 569 801 627 μήτηρ
817 572 876 629 μέγα
896 575 932 618 καί
949 574 1062 629 περιπλα-

74 649 84 680 5
100 652 159 686 κεῖσα
176 640 264 698 οωέιλρσι
279 640 394 696 κατεφίλει
410 658 440 696 με
455 637 496 685 τὸν
505 638 556 687 uiua
564 640 634 701 αὐτῆς
641 643 658 687 ².
687 640 727 700 ἑγοί
737 642 760 686 λέ
769 636 857 697 α’γνοων
867 638 922 687 ὅλον
931 639 956 687 τὸ
966 643 1061 699 πραγμα

98 709 126 762 ως
141 711 287 770 μαινομένην
303 704 457 769 οίπεσειόμην,
473 711 611 771 αἰδούμενος
627 715 649 759 λλ
666 716 702 759 καί
719 711 758 758 τὸν
775 702 865 769 Πέτρον
880 710 1052 769 ἐπιτροινέμηυ.

154 781 223 825 XXIII·
253 778 284 827 Ὁ
299 781 322 826 (λλ
339 782 425 838 Πέτρος
440 787 495 840 ἔφη·
517 787 555 838 ἔα,
573 785 596 830 τί
611 794 681 834 ποιεῖς
696 785 776 830 τέκνον
793 780 904 840 Κλήμης,
924 777 1062 838 τίποοειέμε-

97 870 136 903 νος
152 849 194 911 την
211 849 253 908 στίν
269 849 339 901 ὅντως
354 852 479 909 τεκούσανς
495 851 535 912 ἐγιί
551 854 573 899 tt
591 855 658 900 τουτο
674 850 774 903 σίκοτίσας
789 853 924 910 περίλακρος
938 851 1061 910 γενόμενος

97 928 133 971 καί
149 921 311 980 καταπεσούογ
335 923 365 982 τῇ
379 921 478 982 τετοιίση
500 919 634 979 προσπεσσίν
655 926 799 980 κατεφίλουν.
837 923 873 968 καί
892 920 939 979 'peip
962 920 1011 979 ἅμα
1026 922 1064 980 [τῷ

40 1008 43 1013 ’
72 993 199 1054 λορηθηναί
214 1009 254 1047 μοι
269 986 339 1037 τοῦτο
356 991 481 1048 σίμασρώςό
497 1010 542 1042 παις
557 991 582 1045 τέ
599 992 656 1042 εῑιλος
672 991 842 1049 οἷνεκαλοτίμην.
874 994 953 1037 πολλοί
964 988 1061 1049 μὲνοῦν

96 1063 158 1125 ὄχλοι
174 1062 307 1122 συνέτρεχον
323 1064 440 1118 ίοτορηοαι
454 1059 499 1119 την
515 1061 694 1120 προσαιτητριαν
710 1072 817 1119 γυναῖκα,
833 1063 936 1120 λέγοντες
948 1058 1061 1118 σίλληλοις,

96 1131 132 1178 ὅτι
149 1127 221 1189 ατίτην
236 1133 321 1189 ἐπέγνω
336 1127 347 1175 ὁ
363 1128 422 1181 υἱός,
438 1126 495 1187 σίνιίρ
512 1128 632 1189 ιίξιόλογος.
670 1133 821 1189 βουλομένοις
837 1127 880 1178 οὖν
895 1126 950 1188 ημῖν
966 1133 1060 1185 ε’ξαυτης

97 1202 140 1250 στίν
156 1204 184 1260 τῇ
199 1202 267 1258 μητρὶ
283 1201 323 1258 της
346 1199 416 1257 νηοου
430 1202 545 1259 ἐκβαίνειν
566 1199 580 1259 η
600 1202 676 1260 μήτηρ
696 1206 751 1258 ἔφη·
776 1203 855 1247 τέκνον
876 1220 917 1258 μοι
937 1197 1060 1255 ποθεινόν,

95 1273 190 1332 εὔλογόν
206 1277 266 1317 ἐστιν
281 1269 443 1323 σῖποτιίξαοιλαι
459 1274 487 1330 τῇ
501 1269 661 1331 ν’ποιλεξαμένη
677 1279 706 1329 με
720 1273 818 1329 γυναικί,
833 1270 883 1329 η’τις
899 1266 993 1332 πενιχροί
1003 1266 1058 1315 οὖσα
1133 1324 1135 1326 ¹

71 1346 132 1390 15qu
148 1343 189 1399 ὅλη
204 1343 332 1400 παρειμένη
347 1344 383 1387 ἐπὶ
399 1344 439 1399 τῆς
456 1345 527 1393 οἰκίας
543 1346 654 1401 ἔρριπται.
691 1341 703 1385 ὀ
724 1342 747 1387 ‹tt
763 1343 850 1400 Πέτρος
865 1339 964 1393 οἰκούσας
984 1340 1058 1387 ἐθατί-
1087 1392 1088 1396 ¹
1133 1336 1138 1404 3

96 1412 196 1470 praeest,
214 1413 249 1457 καὶ
259 1409 345 1460 ποίντες
353 1415 374 1455 οἱ
384 1414 529 1468 περιεστῶτες
543 1409 612 1472 ίίχλοι,
628 1414 668 1468 της
679 1409 787 1468 γυναικὸς
802 1410 827 1457 at
839 1409 931 1471 α’γαθέν
944 1409 1058 1469 φρόνημα.

95 1486 131 1529 καί
148 1479 232 1534 ευθέως
247 1483 359 1528 ἐκέλευσεν
376 1478 387 1525 ὁ
403 1481 491 1538 Πέτρος
508 1482 552 1526 τισί
570 1482 712 1539 πορευθῆναι
728 1482 764 1527 καί
781 1481 822 1539 την
837 1493 933 1541 γυναῖκα
954 1483 990 1527 ἐπὶ
1009 1484 1057 1527 κλί-

95 1572 137 1611 νης
153 1554 253 1610 κομίσαι.
283 1554 318 1597 καί
333 1548 393 1610 ὅμως
408 1552 538 1611 ἐνεχθείσης
560 1553 597 1597 καί
613 1552 718 1608 τεθείσης
738 1553 778 1608 της
793 1554 881 1610 κλίνης,
901 1550 995 1598 πάντων
1014 1554 1058 1597 τῶν

95 1623 168 1685 ὄχλων
183 1620 323 1674 ἀκουόντων,
338 1626 381 1679 ἔφη
397 1619 408 1665 0‘
424 1623 519 1678 Πέτρος·
541 1625 561 1666 εἰ
575 1622 686 1679 σῖληθείας
701 1620 768 1680 κηρυξ
783 1621 823 1678 epu
839 1620 954 1682 τυγχσίνω,
969 1626 1001 1672 εἰς
1016 1618 1058 1681 την

22 1747 23 1751 ¹
70 1696 141 1739 τοτοίν
156 1687 304 1749 παρεστώτων
323 1694 413 1744 πίστιν,
437 1697 475 1736 ἵνα
496 1695 578 1750 γνωοιν
597 1690 632 1736 ὅτι
653 1691 685 1741 τίς
706 1694 768 1738 ἐστίν
785 1692 852 1746 Θεός,
875 1693 887 1738 ὁ
910 1687 949 1737 τόν
971 1693 1057 1750 κόσμον

151 1834 211 1877 ΧΧΙΙ,
241 1835 267 1876 Et
282 1839 367 1888 accepta
382 1847 443 1876 manu
459 1834 503 1888 ejus
519 1835 591 1877 Petrus
607 1834 754 1877 drrcebateam
771 1834 795 1876 ad
811 1847 890 1877 navem.
928 1834 993 1883 Quem
1015 1848 1056 1890 ege

94 1906 165 1949 videns
181 1918 241 1946 mauu
258 1905 335 1947 ducere
351 1905 457 1946 mulierem
471 1906 515 1947 risi:
532 1906 634 1948 accedens
649 1912 730 1958 tamen,
754 1906 839 1948 honoris
855 1919 905 1960 erga
921 1918 968 1947 eum
985 1909 1056 1963 gralia,

92 1990 131 2031 pro
146 1978 191 2031 ipsc
208 1988 269 2018 manu
284 1976 337 2017 illam
353 1976 430 2017 ducere
445 1977 510 2029 coepi,
546 1976 609 2019 Simul
624 1982 692 2018 autem
709 1989 733 2017 ac
749 1988 831 2017 {nanum
852 1977 897 2031 ejus
921 1977 1010 2032 contigi,
1034 1983 1056 2018 ut

92 2054 167 2102 mater,
189 2047 266 2088 ululatu
285 2047 365 2100 ingenti
380 2046 472 2101 reddito,
497 2048 517 2088 in
534 2048 639 2101 amplexus
660 2054 718 2089 meos
734 2048 792 2088 irruit
813 2059 888 2101 meque
911 2046 972 2088 filium
996 2060 1055 2090 suum

68 2119 227 2160 taveliementer
242 2116 362 2159 deosculata
378 2122 415 2159 est.
447 2119 473 2159 At
491 2130 531 2172 ego
548 2118 647 2172 ignorans
665 2129 726 2159 crnue
742 2119 846 2172 negotium
869 2119 927 2173 quasi
947 2119 1055 2161 insanien-

92 2195 133 2231 tem
148 2189 283 2242 repellebam:
299 2188 336 2230 sed
353 2193 372 2229 et
387 2189 490 2230 reveritus
504 2189 585 2229 Petrum
601 2202 633 2230 me
649 2189 740 2230 coercui.

149 2258 220 2302 XXIII.
250 2259 300 2300 Tum
316 2259 387 2301 Petrus
403 2258 461 2300 dixit:
477 2258 542 2315 eheu,
559 2259 607 2315 quid
622 2260 666 2314 agis
681 2259 709 2300 fili
724 2258 827 2316 Clemens,
841 2259 923 2313 repellis
940 2272 984 2302 eam
996 2273 1054 2315 ¹quae

91 2342 142 2372 vere
157 2335 223 2371 mater
237 2334 272 2370 tua
288 2329 334 2371 est?
365 2329 410 2383 Ege
426 2342 488 2385 veru,
504 2331 539 2371 ubi
554 2330 594 2372 hcc
610 2331 684 2386 audivi,
700 2330 795 2384 lacrymis
812 2331 890 2373 obortis
902 2332 983 2373 concidi
992 2344 1054 2386 supra

88 2403 193 2456 jacentem
208 2405 292 2442 matrem
310 2405 330 2441 et
346 2401 455 2442 osculabar
471 2414 522 2443 eam.
553 2400 615 2444 Simul
632 2401 685 2442 eninr
701 2413 725 2441 ac
741 2401 761 2441 iu
777 2400 824 2441 mihi
840 2402 914 2445 dictum
930 2403 978 2458 suu,
1001 2404 1054 2446 sub-

66 2473 182 2515 aucbscurc
198 2472 302 2526 genitricis
317 2471 404 2513 formam
420 2473 550 2514 revocabam.
589 2471 696 2513 blultitudc
712 2471 792 2512 interim
816 2473 954 2515 concurrebat
969 2474 1054 2529 plurima

91 2542 116 2584 ad
134 2542 243 2584 videndam
259 2541 371 2583 mendicam
387 2544 504 2595 mulierem5
526 2542 664 2596 dicebantque
681 2546 765 2595 mutuo,
781 2545 866 2597 agnovit
882 2558 926 2586 eam
942 2543 1006 2599 filius,
1023 2545 1054 2587 vir

90 2614 183 2656 eximius.
213 2612 284 2666 Itaque
302 2624 347 2654 eum
362 2613 461 2656 vellemus
477 2613 584 2655 confestim
599 2625 644 2653 cum
661 2616 725 2652 matre
738 2616 767 2652 'ex
781 2612 846 2656 insula
862 2616 925 2671 exire,
941 2621 1007 2658 mater
1018 2616 1054 2657 ait:

89 2685 116 2726 fili
137 2684 186 2727 milri
202 2688 310 2738 exoptata,
334 2678 422 2740 aequum
439 2691 470 2728 est
485 2691 507 2727 ut
522 2685 568 2726 vale
585 2684 650 2726 dicam
666 2683 745 2724 mulieri
760 2696 813 2737 quae
827 2699 860 2727 me
875 2688 976 2740 suscepit,
999 2698 1053 2740 quae

89 2769 155 2811 egens
171 2761 191 2798 et
206 2760 249 2798 tcta
265 2755 375 2809 paralytica
392 2756 446 2797 durni
458 2757 521 2811 Jacet.
551 2755 586 2797 His
603 2754 675 2797 eunius
690 2754 762 2796 Petrus
778 2747 801 2796 et
819 2768 900 2813 omnes,
922 2758 956 2811 qui
971 2757 1051 2811 plurimi

64 2827 184 2882 creuerant,
207 2826 301 2869 admirati
316 2832 362 2867 suut
379 2826 454 2869 bunum
478 2826 565 2867 feminae
588 2825 701 2868 consilium.
737 2824 761 2866 Et
782 2828 878 2870 continue
896 2828 958 2882 Jussit
979 2828 1051 2871 Petrus

88 2899 145 2941 abire
161 2898 261 2953 quosdam
267 2931 272 2953 ,
290 2909 314 2937 ac
330 2896 411 2939 deferre
426 2898 532 2940 mulierem
548 2897 568 2937 in
584 2897 666 2940 lectula,
704 2895 794 2952 Cumque
811 2899 885 2941 fuisset
901 2900 969 2956 allata,
990 2902 1049 2954 pusi-

87 2976 163 3026 tusque
178 2969 250 3013 fuisset
264 2967 342 3021 lecim,
364 2973 436 3011 cuncta
458 2969 517 3023 plebe
538 2968 634 3010 atidieme
650 2968 722 3009 Petrus
739 2969 774 3010 ait:
798 2970 815 3013 si
830 2970 922 3013 veritatis
944 2983 984 3025 ege
1005 2983 1050 3013 sum

87 3055 178 3098 praeco,
194 3041 219 3083 ad
234 3040 295 3082 fidem
312 3039 385 3081 eorum
401 3041 435 3093 qui
450 3040 557 3096 adsistunt,
581 3045 603 3081 ut
628 3039 693 3081 sciant
714 3050 776 3081 unum
796 3054 843 3085 esse
866 3041 933 3083 Deum
956 3043 1049 3097 opificem

119 3141 137 3177 1.
167 3131 211 3189 ίγγευ
227 3138 241 3175 Ο
258 3143 275 3176 et
290 3135 339 3186 Epit.
357 3148 374 3175 ο,
392 3138 426 3186 ab,
446 3131 520 3191 ἤγειρεν
536 3138 556 3175 C.
582 3148 641 3185 marg.
657 3137 706 3185 ccujt
723 3133 820 3191 ἀμαυρῶς
835 3132 859 3177 ita
876 3135 1048 3195 σελάμαορωσαυ.

119 3202 138 3235 2,
169 3193 325 3248 αυτηςυίόνθ,
611 3199 630 3235 4.
662 3192 773 3249 ἐθαύμαζεν
789 3199 809 3237 C.

118 3259 137 3294 3.
167 3256 193 3293 ltu
209 3256 223 3293 0
240 3268 256 3294 c.
272 3258 295 3305 S,
312 3249 436 3309 ἀμαοριίσας
452 3254 476 3305 C,
493 3256 522 3306 qui
538 3256 555 3294 in
582 3275 586 3282 ·
