2276 3612
118 251 138 302 n,
156 254 188 290 ατ.
206 254 240 291 se.
301 299 303 304 ‚
585 241 613 288 66

119 362 169 412 λύει
176 397 182 420 ,
199 370 223 412 ἐν
239 364 339 411 δείπνοις
351 360 434 406 είιλοιλα
442 361 597 408 παντοδαπῶν
611 362 691 409 tdedol
708 359 854 417 παρίστησιν·
869 355 897 406 τοί
908 364 932 405 ἑν
945 360 1003 419 οἰκίη
1012 357 1081 417 σκεύη

119 432 148 485 οἷς
164 433 286 494 αὐτόματα
303 430 416 490 φερόμενα
435 426 491 488 πρὸς
512 427 641 491 ύπηρεσίαν
662 435 790 492 βλέπεσθαι
810 439 880 483 ποιεῖ,
903 431 948 476 τών
968 427 1082 488 φερόντων

121 501 148 551 ού
164 505 320 564 βλεπομένου.
349 501 422 546 ταῦτα
439 497 513 546 αὐτῶν
530 502 640 562 λεγόντων
657 502 746 550 taddeo
763 499 906 558 ἐθαύμαζον.
937 495 1081 559 ἐμαρτύρουν

122 578 146 623 dd
162 573 251 622 πολλοὶ2
265 567 292 617 τοί
308 573 403 616 τοιαῦτα
420 570 484 617 αὐτοί
501 573 631 632 captate&
646 574 794 631 ἱστορηαὲναι.

96 655 106 686 a
178 644 265 690 XXXIII.
298 641 391 688 Totam
406 639 476 692 ούοας
492 646 607 702 ῥηθέντων
627 641 722 695 ύιαλός
737 645 824 701 Πέτρος
847 642 884 688 ταί
904 638 973 691 αύτός
988 641 1030 686 τού
1045 640 1082 686 λί-

122 734 170 775 ηιιν
184 713 273 773 ἤρξατο·
295 713 396 769 ουνοριῖν
410 709 474 770 ύμοίς
490 716 533 769 dat,
548 713 655 774 ἀδελφοί,
674 717 716 760 τού
736 718 778 771 της
798 714 902 771 συζυγίας
924 707 1021 763 κανόνος
1039 705 1082 766 την

122 784 247 842 οἶληθιιαν,
271 773 297 826 οὗ
316 777 350 838 μὴ
371 778 530 842 οἷηιοτοὶμινὸς
553 803 586 836 τις
605 785 645 831 otu
660 789 704 846 ἔχει
725 786 878 842 πλανηθῆναι.
915 785 962 829 ἐπεί
980 780 1036 840 yda,
1054 779 1082 829 τίς

121 853 235 911 receptat,
252 851 332 901 ‹totndc
347 853 383 897 ναί
399 856 507 905 ἐναντίας
523 854 599 901 πάντα
616 860 697 916 ἔχοντα
713 852 811 913 ὁρῶμεν,
835 854 871 900 ναὶ
892 850 920 902 τίς
941 852 1018 910 πρώτη
1033 852 1082 904 νύξ,

120 926 168 972 εἶτα
184 920 270 981 ἡμέρα,
295 922 331 966 ναί
354 923 445 979 πρῶτον
465 922 559 983 ἄγνοια,
581 925 629 971 εἶτα
645 927 740 982 pudere,
758 924 815 971 καὶὸ
834 925 924 982 πρῶτον
944 920 1018 975 νόσος,
1034 922 1082 966 εἶτα

96 998 192 1048 toiobre,
209 991 279 1042 Οὕτως
294 993 371 1050 πρώτα
387 990 416 1038 τύ
432 996 472 1052 τῆς
488 994 576 1055 πλάνης
590 998 620 1054 τῷ
636 997 678 1053 βίῳ
694 999 795 1056 ἔρχεται,
809 995 854 1041 εἷθ’
869 993 939 1044 οὕτως
954 993 980 1039 τὸ
997 991 1083 1049 οίληθὲς

121 1066 236 1124 ἐπέρχεται
242 1097 249 1118 ,
263 1059 291 1114 οἷς
307 1065 336 1121 τῇ
351 1060 410 1123 νόσῳ
426 1060 437 1109 d
453 1060 535 1123 ἰατρός.
565 1063 647 1111 αύτίτα
663 1067 721 1124 γοῦν
736 1068 779 1111 τού
789 1067 914 1123 θεοφιλοῦς
924 1063 990 1123 ἡμῶν
999 1069 1083 1113 ἔθνους

121 1132 167 1183 dat
182 1137 224 1191 τῆς
238 1136 282 1180 τών
297 1132 434 1192 Αἰγυπτίαν
449 1137 570 1197 νανουχίας
578 1138 704 1192 μέλλοντος
719 1138 871 1193 λυτροῦσθαι,
886 1139 977 1193 πρώτον
991 1131 1026 1181 διαί
1042 1135 1084 1189 τῆς

122 1203 257 1262 ὁρισθείσης
272 1200 370 1262 ῥοίβδου,
390 1202 441 1261 ἥτις
463 1207 492 1263 τῷ
507 1200 596 1263 Ἀαροίν
612 1203 696 1265 ἐθύθη,
719 1210 743 1252 αἱ
763 1205 826 1251 νόσοι
842 1205 955 1262 ἐγίνοντο,
978 1205 1014 1250 ναί
1039 1201 1083 1248 εἶθ’

121 1272 191 1325 οὕτως
207 1269 282 1333 εὐχαῖς
296 1272 424 1324 Μωυσέως6
439 1280 463 1321 αἱ
477 1271 549 1326 iduare
563 1278 707 1333 ἐπεφέροντο.
737 1276 773 1322 ναί
789 1278 833 1322 νύν
849 1275 872 1319 dd
887 1274 932 1320 τῶν
945 1278 1018 1321 ἐθνῶν
1028 1276 1084 1331 μελ-

96 1358 115 1393 ta
123 1340 207 1392 λύτταν
223 1340 269 1389 dod
283 1345 323 1400 τῆς
338 1340 414 1389 uocat?
434 1342 463 1391 τοί
479 1345 557 1391 ιίύιολα
572 1348 714 1404 λυτροῦσθαι
730 1345 866 1403 θρησκείας,
885 1341 900 1402 ἦ
921 1344 987 1389 νοτία
1004 1342 1085 1396 πάλιν,

124 1410 152 1465 dc
167 1411 223 1473 atad
234 1412 396 1471 βασιλεύουσα,
411 1415 581 1474 προλαβούοοιΒ
598 1418 686 1475 πρώτον
701 1413 742 1462 τὸν
756 1417 839 1472 ἑαυτῆς
847 1413 921 1472 ὥσπερ
932 1413 985 1471 ίίφιν
994 1418 1085 1472 ἔπεμψε

124 1484 259 1546 σύμμαχον,
279 1482 306 1531 ὃν
321 1479 388 1542 ὄρύτε
406 1485 514 1544 Σίμωνα,
535 1488 648 1533 noredano
669 1484 792 1543 θαυμοίσια
815 1483 871 1545 πρὸς
887 1482 1028 1543 taedetque
1047 1483 1084 1531 ναί

125 1628 183 1672 titur:
197 1631 269 1682 portas
285 1626 379 1670 occlusas
395 1626 468 1681 aperit:
490 1626 568 1670 ierrnm
590 1627 661 1671 scivit:
685 1627 706 1670 in
727 1627 826 1671 conviviis
846 1628 953 1671 simulacra
972 1628 1085 1670 formarum

127 1699 258 1754 omnigenum
275 1696 366 1740 exhibet:
380 1696 428 1739 facit
443 1702 465 1739 ut
480 1697 500 1739 In
516 1697 578 1741 domo
594 1711 643 1742 vasa
658 1703 732 1753 sponte
746 1698 797 1740 ferri
811 1698 837 1741 ad
850 1700 982 1742 mInisterIum
996 1698 1084 1741 videan-

99 1778 119 1812 νο
126 1776 168 1826 tur,
183 1781 222 1811 nec
237 1773 348 1810 cernantur
363 1768 397 1822 qui
412 1767 485 1810 ferunt.
515 1768 556 1811 Ista
571 1774 710 1812 memorantes
726 1769 811 1813 audiens
825 1769 919 1813 mirabar.
950 1769 1086 1813 Testabantur

125 1846 192 1884 autem
206 1840 268 1882 muita
283 1839 331 1882 tatia
345 1852 369 1883 se
383 1838 460 1882 vidisse
479 1839 517 1893 ipsi
532 1839 566 1893 qni
582 1839 674 1883 aderant.

181 1911 269 1955 XXXIII.
285 1911 321 1955 His
335 1911 363 1954 ita
380 1911 480 1954 enarratIs
496 1911 616 1965 praeclarus
630 1911 702 1953 Petrus
715 1915 736 1952 et
751 1910 794 1964 Ipse
810 1911 877 1965 coepit
892 1910 970 1955 dicere:
986 1913 1084 1956 conside-

123 1997 170 2028 rare
186 1997 225 2027 vos
241 1988 334 2039 oportet,
347 1983 433 2038 fratres,
455 1982 541 2036 regulae
557 1981 709 2037 conjugatIonIs
724 1982 840 2036 veritatem,
864 1994 875 2023 a
897 1994 937 2037 qna
958 1984 1031 2038 regula
1051 1986 1086 2041 qni

123 2068 167 2097 non
181 2054 303 2110 recesserit,
319 2065 362 2094 non
376 2052 453 2107 poterit
467 2065 545 2095 errare.
575 2051 677 2100 QuonIam
691 2053 779 2106 scilicet,
802 2057 825 2094 ut
839 2053 936 2109 diximus,
953 2056 1020 2098 omnIe
1035 2068 1086 2099 oer-

99 2127 192 2169 atnimus
208 2136 255 2167 sese
270 2123 349 2166 habere
364 2122 458 2177 bipartito
480 2135 504 2164 ac
526 2123 640 2177 contrarie,
662 2128 683 2165 et
704 2121 876 2177 quemadmodum
898 2124 963 2179 primo
984 2131 1015 2169 est
1036 2138 1085 2183 nox,

125 2195 200 2238 deinde
217 2195 271 2250 dtes,
292 2198 312 2235 et
332 2193 419 2247 prImnm
438 2194 565 2249 ignorantia,
585 2198 659 2246 postea
675 2193 778 2249 cognitio,
801 2198 821 2235 et
837 2194 902 2248 primo
917 2195 1013 2252 morbus,
1038 2197 1086 2240 inde

125 2267 201 2311 sanitas
207 2298 213 2322 ,
227 2266 254 2308 ita
269 2265 356 2318 primum
371 2277 431 2307 error
447 2264 544 2306 rnundnm
559 2268 657 2326 occupat,
672 2264 744 2319 sicque
758 2268 806 2318 post
820 2265 897 2308 veritas
916 2268 1045 2325 supervenit,
1064 2274 1086 2311 ut

126 2337 217 2380 medicus
232 2336 312 2379 morbo.
343 2336 413 2380 Statim
434 2337 511 2393 itaque,
535 2349 559 2377 ac
574 2335 619 2377 Dec
643 2337 707 2377 amica
728 2347 780 2390 gens
801 2341 871 2379 nostra
890 2336 914 2379 ab
937 2339 1085 2393 Aegypti0rum

126 2408 236 2451 venatione
250 2406 356 2449 liberanda
371 2406 415 2464 tuit,
430 2408 487 2461 prius
502 2419 540 2461 per
555 2420 601 2449 earn
616 2406 702 2463 virgam,
718 2419 771 2461 qnae
783 2407 803 2448 in
812 2413 929 2461 serpentem
941 2421 1002 2451 versa
1012 2410 1085 2466 inerat,

101 2488 223 2537 toquaeque
238 2477 310 2520 tradita
325 2481 370 2519 erat
385 2476 474 2532 baroni,
489 2477 555 2519 morbi
570 2475 619 2518 facti
634 2482 691 2534 sunt,
714 2478 785 2530 sicque
810 2482 883 2530 postea
898 2480 994 2533 precibus
1009 2480 1086 2536 Moysis
1101 2480 1103 2485 ’

127 2550 224 2594 sanitates
240 2553 287 2590 sunt
301 2547 402 2591 inductae.
432 2548 457 2590 Et
472 2560 526 2589 nunc
543 2559 633 2604 quoque,
649 2561 696 2590 cnm
710 2553 784 2604 gentes
804 2548 828 2588 ab
844 2548 946 2592 idolorum
962 2551 1016 2594 cuitu
1031 2552 1086 2595 Iibe-

126 2622 169 2664 rari
185 2619 295 2674 deberent,
309 2619 382 2662 iterum
398 2618 482 2675 matitia,
499 2619 557 2674 quasi
573 2618 616 2671 Ipsa
630 2618 742 2675 imperans,
763 2617 887 2676 anticipavit,
908 2613 1010 2676 suumque
1030 2624 1087 2666 vetut

126 2695 246 2746 serpentem
261 2688 313 2731 misit
329 2690 349 2732 in
364 2689 498 2747 adjutorium,
514 2689 610 2732 videlicet
625 2701 685 2744 quem
702 2689 785 2731 cernitis
800 2688 914 2748 Simonem,
931 2693 965 2747 qni
980 2693 1087 2737 mirafacit

160 2786 177 2822 t.
208 2777 278 2821 cicccc
293 2778 314 2819 C.
621 2779 673 2820 αῦτα
699 2783 775 2829 (nempe
791 2775 885 2831 ἑαυτούς)
906 2779 1037 2837 ἱστορηκίναι.
1060 2786 1087 2827 Gi.

157 2848 177 2881 2.
208 2834 282 2880 πολλοὶ
298 2841 318 2878 G.
621 2840 707 2879 Fortasse
723 2850 757 2888 pro
774 2835 831 2880 αὐτοὶ
847 2843 953 2891 ponendum
968 2848 997 2881 est
1012 2845 1086 2886 nduerb.

158 2905 176 2941 3.
207 2902 259 2938 Hanc
285 2899 440 2938 constructionem
460 2911 497 2938 non
520 2896 597 2936 admittit
621 2900 658 2938 Ioci
675 2895 725 2948 αὐτῇ
740 2898 799 2948 [idem
815 2912 837 2938 aa
852 2900 909 2951 apta)
924 2903 954 2940 vel
969 2895 1037 2943 αὐτοῦ.

130 2958 191 3008 l‘rngna
207 2971 287 3008 graeca,
310 2969 351 2996 num
371 2959 425 2997 scribi
443 2959 505 2997 debuit
523 2952 597 3001 αὐτούς
651 2961 670 2995 4.
701 2958 737 2995 Gir.
754 2969 794 3007 cop.
810 2961 835 2998 15
850 2971 902 3009 seqq.

131 3015 238 3070 παρόντας.
268 3017 307 3057 Sed
323 3016 395 3055 facilior
411 3017 598 3057 estemcndandiru-
651 3019 670 3056 5.
700 3013 734 3055 ani
750 3027 784 3057 om.
801 3018 820 3056 G.

131 3074 166 3113 tio:
191 3089 266 3126 prorsus
288 3076 336 3115 enim
356 3076 454 3124 legendum
470 3073 544 3116 αὐτόθι
559 3089 596 3115 πα·
651 3080 668 3116 6,
698 3074 788 3127 μαυσέος
803 3077 824 3115 Ο.

131 3131 204 3184 ρόνιες.
219 3138 240 3176 D.
275 3138 312 3175 Sed
332 3140 396 3186 potest
411 3135 464 3173 etiam
479 3136 534 3174 lectio
549 3135 595 3173 Cod.
650 3137 669 3173 7.
699 3129 749 3185 μειοί
764 3134 819 3174 tacite
835 3134 908 3183 scripsit
924 3136 957 3187 ct,
978 3139 1087 3190 repetiitque

130 3193 176 3241 Περ,
191 3194 242 3244 ferri,
262 3201 290 3234 cst
305 3196 353 3235 enim
372 3195 419 3233 ordo
436 3195 533 3233 verborum
547 3192 596 3234 ἰιολ-
621 3195 633 3233 S
650 3197 713 3233 contra
731 3194 789 3234 Godd.
805 3194 937 3234 arroteritutem.

130 3248 163 3292 tot
179 3248 349 3308 αύτοὶτιαρύντες
369 3249 494 3308 ἐμαρτύρουν
512 3249 537 3294 τὰ
555 3267 596 3293 τοι·
649 3254 668 3292 8.
699 3252 815 3308 προλαβοῦς
831 3254 852 3291 Ο.
