2276 3612
545 274 588 318 385
898 274 949 325 xix,
965 275 1049 312 15:15.

81 388 136 437 οίλλο
152 411 173 437 τι
190 387 268 444 πιίδος
284 390 342 451 αύτῷ
359 400 478 449 προσεῖναι
494 389 564 447 φύσιν
581 391 648 450 έῖχεν·
670 388 697 435 δι’
713 387 830 446 οίμαρτίαν
852 390 876 435 δέ
891 384 991 435 enneade
1007 396 1049 434 τοτ’

81 457 203 514 οἷδοίνατος
218 467 289 518 εἶναι,
309 461 337 513 οἷς
353 452 425 520 dapne,
446 459 534 510 παντὸς
550 457 642 511 uddone
658 463 736 518 γέγονε
753 460 859 511 dannanus.
896 464 915 505 εἰ
941 460 965 504 δέ
985 463 1049 516 ἐρεῖς·

82 530 120 578 δισί
135 534 158 578 τί
173 528 217 579 σύν
233 533 280 579 κατ’
298 529 367 594 σίρχίις
382 533 469 591 ἐγένετο
486 530 501 587 ή
515 532 649 590 α’νθραπεία
667 529 732 588 φύσις
748 532 853 579 caeduae
869 528 971 587 δεττιιιής
992 532 1052 588 φήμί

81 620 125 649 σοιΙ
146 603 182 650 δια
198 601 223 650 τύ
239 600 391 657 αὐτεξούσιον.
422 605 442 647 εί
457 599 500 659 γοίρ
516 600 557 647 σύιι
571 598 631 660 ήμεν
648 600 754 648 θανάτου
771 601 875 657 donatrici,
890 604 928 649 ἐπί
945 598 1050 655 adtenua-

81 675 119 732 σίρι
135 671 285 732 ἁμαρτήματι
302 680 450 732 τιμωρεῖσθαι
466 668 495 724 τίς
511 671 627 718 dealbator
644 669 685 719 ούα
702 671 843 729 ε’δννοίμεδα.
875 677 910 721 ιιαί
927 670 1001 724 ούτως
1012 667 1065 717 dado

81 741 106 790 τύ
123 742 215 795 οίπαύὲς
230 740 307 790 πλεῖόν
329 762 364 798 τι,
385 741 430 791 ιιοῖν
449 745 477 801 τῇ
498 745 625 801 προαιρέσει
645 741 705 801 ήμεν
724 744 789 788 ιιαιιοί
797 743 813 795 ¹,
835 742 848 801 ή
866 746 900 790 ταί
917 743 1050 800 δικαιοσύνη

80 817 206 871 ἑξήσθένει,
230 815 274 859 τῶν
294 812 363 864 nunde
385 813 481 875 ἐχόντων
503 815 642 870 προαιρέσεις
665 815 727 872 αἰτία
752 810 867 863 οίπαθείας
890 816 1048 872 τιμαρήθήναι

80 881 113 942 μή
129 886 270 940 δυναμένων.

136 955 187 998 XVI.
219 957 266 1001 Καί
282 953 294 1001 ὁ
312 956 390 1012 Σίμων
406 954 461 1010 πρὸς
476 955 549 998 ταύτα
565 957 617 1011 ἔφη·
635 953 685 1010 περί
701 948 843 1011 πονήρούτι
858 959 891 1000 ἔτι
911 960 952 1015 ἔχω
969 962 1046 1011 ἕτερον

79 1026 160 1083 λέγειν.
189 1022 254 1082 ήὸτι
269 1030 290 1077 ἐξ
306 1022 346 1070 ουίι
362 1023 434 1070 ὄντων
451 1021 523 1069 αύτύν
539 1025 645 1080 ἐποίησεν
661 1021 672 1069 ὁ
689 1021 759 1076 θεὸς,
783 1027 818 1070 nol
839 1022 896 1070 ιιατοί
919 1026 989 1070 τούτο
1005 1035 1072 1069 noi-10

79 1090 116 1147 ιιύς
132 1094 143 1140 ὁ
160 1094 270 1150 ποιήσας,
291 1093 314 1145 ὃς
328 1092 353 1141 τύ
368 1092 402 1152 μή
419 1091 444 1140 δν
461 1096 567 1152 ἐποίησεν
584 1096 655 1148 εἶναι,
678 1096 714 1140 καί
735 1098 809 1140 ταύτα
830 1095 958 1155 δννοίμενος
974 1094 1046 1145 αύτύν

78 1158 170 1223 ύγαθύν
186 1167 280 1223 ποιήσαι
299 1166 328 1224 τῷ
349 1164 389 1210 τὸν
410 1163 535 1222 γινόμεοον
557 1166 631 1222 μηδὲν
651 1160 707 1222 πρὸς
729 1166 807 1216 ιιαιιιάς
828 1168 963 1226 προαίρεσιν
984 1170 1045 1215 ἰδίαν

78 1236 203 1291 τεττήσθαι
220 1235 296 1291 φύσιν.
327 1236 363 1280 ναί
380 1232 391 1280 ὁ
408 1234 506 1290 Πέτρος·
528 1231 553 1279 τέ
576 1231 741 1290 egeritliceat
758 1234 938 1296 αύτύνποιήσαι
962 1240 1046 1296 προαί-

77 1322 139 1362 ρεσιν
155 1309 250 1365 ἔχοντα,
265 1304 346 1363 ὅμοιόν
363 1309 423 1350 ἐστιν
439 1306 453 1361 p]
471 1305 639 1364 προειρήκαμεν
654 1306 722 1366 λόγῳ,
742 1304 776 1351 ὅτι
793 1305 850 1367 πρὸς
865 1306 891 1353 τί
906 1309 992 1368 χαίρειν
1002 1305 1044 1353 αύ-

76 1373 117 1420 τὸν
134 1385 209 1425 ιιαιιοίς
225 1373 266 1431 τήν
280 1377 360 1434 ιιροίσιν
377 1372 473 1430 ποιήσας
489 1370 557 1424 αὐτὸς
573 1378 645 1426 αίτιος
657 1376 762 1433 φαίνεται
772 1378 814 1421 τού
824 1380 956 1434 γενομέναν.
987 1380 1070 1433 μιοίς1ᾱ

77 1438 119 1489 σύν
135 1442 205 1501 odone
220 1446 260 1501 τής
275 1442 409 1501 οίμφοτέραν
425 1443 559 1496 ἐπιλύσεως)
575 1443 600 1489 τύ
617 1443 653 1489 διιί
670 1446 691 1490 τί
706 1447 793 1504 χαίρειν
809 1443 880 1493 αύτύν
896 1446 929 1492 ἐπ’
945 1443 1044 1507 ὀλέθρου

77 1515 150 1574 nunde
165 1515 271 1571 ἐποίησεν
286 1513 384 1571 ύστερον
398 1514 504 1571 έρούμεν.
542 1516 577 1560 καί
593 1510 604 1558 d
620 1516 712 1572 Σίμων·
738 1519 757 1561 εί
778 1516 933 1569 αύτεξονσίσνς
954 1520 1044 1576 ἐπσίήσε

76 1585 113 1628 ταί
128 1581 184 1636 τούς
200 1580 319 1643 σίγμέλονς,
343 1582 354 1629 ὁ
377 1585 399 1629 δὲ
421 1581 519 1642 πονήρδς
540 1584 627 1642 οίπέστή
649 1587 689 1630 τού
714 1587 798 1636 δίκαιος
814 1588 885 1640 εἶναι,
904 1588 943 1632 ’ταί
965 1585 1000 1633 διιί
1022 1590 1044 1633 τί

76 1649 131 1713 οίρχή
147 1655 280 1712 menippeum
295 1654 307 1699 ὅ
322 1653 430 1713 τιμήσας,
446 1651 472 1698 δι’
488 1648 533 1700 οὗῖ
549 1657 683 1713 τετίμιμιεν,
699 1653 727 1706 οἷς
742 1658 913 1715 ιιαιιοῐς“»χαίροιν
929 1659 1043 1714 φαίνεται.

75 1725 111 1769 καί
127 1722 139 1769 ὁ
155 1725 251 1781 Πέτρος·
275 1728 294 1769 εἰ
310 1722 445 1771 οίποστοίντα
460 1719 532 1771 αύτὸν
554 1723 566 1770 ὁ
582 1723 637 1775 θεὸς
652 1724 727 1785 ν’ίρχειν
748 1729 793 1771 τών
814 1725 899 1784 ὁμοίαν
921 1730 1071 1786 αατέστήσενο

74 1871 189 1907 ruintamen
204 1866 368 1920 immortalitatis,
385 1871 407 1907 ut
423 1864 475 1919 dixi,
493 1864 518 1905 ob
535 1869 642 1917 peccatum
655 1867 736 1920 jactura
752 1866 815 1923 iacta,
831 1875 890 1923 aptus
907 1869 931 1911 ad
949 1871 1041 1924 qtramvis

75 1937 211 1978 calamitatem
227 1937 366 1990 recipiendam
381 1935 473 1978 redditus
490 1941 527 1978 est.
562 1936 582 1979 Si
598 1943 665 1979 autem
682 1938 746 1981 dices:
764 1938 805 1981 Cur
820 1941 882 1994 igitur
897 1941 986 1984 lrumana
1001 1955 1042 1984 na-

75 2013 120 2049 tura
135 2008 192 2049 initio
209 2009 279 2050 mortis
295 2020 360 2062 capax
376 2014 407 2050 est
422 2008 517 2049 retonat
534 2008 569 2049 tibi
585 2008 711 2061 respondeo:
727 2009 814 2064 Propter
828 2012 914 2054 liberum
929 2014 992 2066 ipsius
1005 2028 1041 2056 ar-

75 2078 162 2120 bitrium.
194 2078 214 2121 Si
231 2079 284 2120 enim
300 2092 341 2120 non
358 2092 450 2122 essemus
467 2080 528 2121 morti
543 2079 638 2134 obnoxii,
666 2080 692 2121 cb
710 2087 847 2134 spontaneum
871 2088 978 2137 peccatum
1001 2096 1040 2126 nos

74 2149 200 2192 immortales
214 2150 281 2203 puniri
296 2163 338 2192 non
354 2163 469 2205 possemus.
507 2150 532 2191 Et
545 2150 586 2191 lroc
602 2150 674 2205 modo,
702 2152 719 2191 si
735 2165 761 2192 ex
777 2153 863 2195 consilio
880 2155 926 2196 mali
941 2167 1039 2210 essemus,
1048 2162 1066 2194 25

75 2222 135 2263 etiam
148 2221 225 2275 justitia
241 2221 267 2262 ob
283 2221 415 2263 indolentiam
431 2221 496 2275 magis
511 2221 675 2275 imminueretur,
700 2234 746 2262 cum
762 2224 796 2276 qui
815 2224 867 2266 mala
885 2224 971 2267 foveant
986 2238 1039 2267 eon-

74 2293 117 2336 silia
132 2292 261 2334 immunitatis
278 2305 339 2335 causa
355 2293 428 2346 poenis
444 2291 497 2332 affici
512 2304 554 2333 non
570 2298 662 2346 possent.

131 2363 182 2405 XVI.
213 2363 245 2404 Ad
261 2363 313 2405 haec
329 2362 409 2406 Simon:
432 2363 461 2404 De
483 2363 536 2404 lllalo
554 2363 607 2404 aliud
629 2362 677 2417 quid
702 2363 771 2404 dicere
791 2364 865 2407 habeo.
903 2366 1002 2407 Nimirum
1023 2368 1039 2409 si
1089 2368 1090 2371 ’

73 2437 129 2480 Deus
146 2450 192 2479 eum
208 2449 235 2477 ex
250 2435 312 2477 nihilo
329 2435 388 2491 lecit,
412 2434 450 2476 hac
466 2447 550 2489 quoque
566 2435 646 2476 ratione
663 2439 746 2475 creator
763 2440 794 2477 est
818 2436 892 2492 malus,
913 2442 984 2490 utpote
1005 2438 1039 2491 qni

74 2521 116 2552 non
132 2509 253 2551 existentem
267 2506 368 2561 ejusmodi
383 2506 467 2561 iecerit,
484 2506 576 2559 quamvis
591 2505 673 2558 liceret,
690 2517 736 2545 eum
753 2504 824 2547 lacere
841 2507 927 2562 bonum,
943 2507 959 2548 si
976 2508 1037 2561 geni·
1045 2511 1064 2543 ὃν

73 2587 115 2624 tum
130 2583 157 2624 ita
173 2583 276 2632 creasset,
301 2583 323 2619 ut
338 2577 421 2631 propria
436 2581 509 2618 natura
530 2577 690 2631 propensitatem
712 2575 735 2616 ad
757 2578 831 2619 nralnrn
851 2591 892 2620 non
916 2578 1037 2633 possideret.

74 2651 123 2693 Tum
140 2651 223 2693 Petrus:
239 2648 298 2697 Quod
314 2648 387 2689 lecerit
404 2661 430 2688 ex
446 2647 508 2688 nihilo
526 2648 666 2701 propensitate
682 2647 797 2699 praeditum
814 2661 856 2690 non
874 2649 941 2691 dillert
957 2651 981 2690 ab
997 2649 1037 2704 illo,

73 2722 129 2776 quod
145 2733 207 2774 supra
223 2720 318 2772 diximus,
334 2732 380 2760 eum
399 2719 445 2773 qrria
461 2718 518 2759 malis
535 2718 635 2772 gauderet
651 2717 748 2758 mixtione
764 2721 877 2773 corrrposita
893 2732 975 2761 causam
991 2731 1038 2760 esse

73 2794 138 2835 videri
155 2803 238 2844 eorum,
263 2802 316 2843 quae
338 2791 470 2843 proveniunt.
512 2788 561 2830 Cum
586 2789 656 2830 eadem
679 2788 704 2829 sit
721 2789 828 2843 utriusque
845 2790 928 2845 solutio,
952 2788 1038 2842 posllrac

38 2907 39 2910 ,
73 2863 229 2919 explicabimus,
245 2873 282 2901 cur
297 2861 324 2901 ita
341 2861 456 2902 ordinatum
473 2861 506 2914 sit,
522 2865 544 2900 ut
559 2860 658 2900 malorum
673 2859 765 2910 pernicie
782 2860 874 2914 gaudere
885 2861 982 2901 videatur.
1012 2857 1063 2899 Eleo

72 2936 151 2978 Simon:
173 2933 193 2975 Si
209 2937 229 2974 et
245 2930 338 2985 Angelos
354 2932 432 2973 liberae
447 2931 554 2984 potestatis
570 2930 630 2983 fecit,
647 2928 712 2971 malus
729 2935 796 2971 aulem
809 2932 877 2985 justus
894 2942 939 2971 esse
956 2929 1037 2985 destitit,

72 3019 109 3047 cur
134 3003 221 3058 imperio
245 3001 403 3043 lionorataturt
434 3001 532 3042 Nimirum
552 3002 578 3055 is,
604 2999 638 3052 qui
653 2999 776 3056 honoravit,
801 3002 826 3042 ob
844 3014 903 3054 quem
920 3000 1037 3053 honoravit,

71 3077 129 3120 malis
148 3075 241 3130 gaudere
257 3072 343 3114 videtur.
374 3073 425 3114 'lum
440 3072 523 3113 Petrus:
546 3070 567 3113 si
587 3074 634 3123 post
654 3070 792 3113 delectionem
807 3072 872 3125 Deus,
896 3075 915 3110 ut
935 3070 1034 3113 similibus

103 3219 120 3255 l.
150 3215 176 3251 lta
192 3226 239 3251 man.
259 3225 296 3253 rec.
313 3213 335 3250 ad
356 3222 405 3250 oram
423 3211 506 3259 Codicis,
522 3211 540 3247 in
564 3211 618 3247 idem.

71 3276 106 3323 cuj.
122 3278 172 3312 textu
189 3267 258 3312 κακόν.
289 3265 443 3319 Subindellaal
454 3264 539 3320 μήκαὶ
595 3273 614 3306 2.
644 3269 688 3317 leg.
705 3270 784 3306 fortasse
800 3263 823 3304 δι’
842 3262 871 3305 δι’,

782 3342 809 3382 aa
