2276 3612
547 239 588 285 249
747 285 748 288 ,
889 239 891 241 ’
913 237 991 287 x1‚ao.
1009 245 1042 283 aa.

81 357 136 415 καταί
150 357 194 420 γοίρ
209 356 237 406 τοί
253 359 332 419 οίληθη
347 377 372 404 το
367 352 541 412 καθαρεύειν,
565 356 606 442 oa'ry
628 352 656 405 τίς
671 354 705 401 ὅτι
716 362 852 454 προηγεῖται
870 351 912 407 της
928 349 984 397 κατιί
1002 371 1043 410 την

82 434 175 518 κηριλίαν
191 428 322 519 καθαρσιης
337 425 353 511 η
367 427 408 472 τού
424 425 528 492 σώματος
542 425 639 509 ύηνεια,
644 423 690 472 αλλ
706 426 752 476 οἷς1
769 424 806 472 ὅτι
821 431 903 471 ε”πεται
918 423 947 480 τῷ
940 421 1043 480 ιοίγαθηι

7 502 16 555 Ἰζ
82 504 106 552 τύ
121 501 241 558 καθάριον.
272 501 309 547 καί
324 495 368 556 κύρ
384 495 395 543 ὁ
406 488 574 548 ιλιιίσίσιιαλσςι
560 500 625 556 ημιιιν
640 499 714 549 ἐνίους
729 515 772 542 ταν
783 501 807 542 ἐν
821 492 897 555 a'prta2
915 493 1043 550 Φαριοαιαν

81 576 115 623 καί
130 572 296 632 γραμματέων,
312 575 336 616 οἳ
349 571 406 613 εἰσιν
422 567 574 625 οίηωρισμένοι
590 569 626 612 καί
647 564 674 610 τοί
691 566 780 625 νόμιμα
796 563 824 617 οἷς
838 572 983 649 γραμματεῖς
998 565 1043 606 τιίν

7 638 17 687 'fif
82 643 152 691 ίίλλοιν
167 642 245 687 adstare
260 636 385 692 εἰδότες,
373 655 434 695 optma
448 635 494 695 ιλιηλ
493 654 564 696 εγχεν
579 634 662 687 αύτούς
677 636 704 688 ὠς
720 637 867 695 ύποκριιοίς,
880 634 916 681 ὅτι
935 633 997 691 μόνα
1014 630 1059 678 ται

82 709 213 795 η’νθριίποις
229 706 317 768 φαινόμ
300 726 359 766 μενα
376 704 510 766 σίκυεύονιες
533 706 561 752 ταί
578 709 617 764 της
633 708 726 764 καριλίας
741 704 832 765 καθαραί
849 708 885 753 καί
904 704 955 763 Θειμ
979 704 1043 763 μόνῳ

82 779 183 841 ὁρώμενα
199 780 384 837 παρελίμπανον

7 840 12 907 ’Ἰ
135 850 206 894 ΧΧΙΧ.
236 846 310 908 ιηΡιτη
325 843 368 894 σύν
384 847 458 908 ταύτῃ
474 849 537 906 φανῇ
551 846 603 908 ἔχρη
605 864 674 900 σατο,
694 843 722 891 τοί
742 838 816 905 αληθη
832 843 886 905 πρὸς
906 843 961 898 τούς
981 843 1043 891 ύπο-

81 938 155 978 κριτας
171 916 247 965 αύτυίν
262 919 356 977 λίκυνό,
379 914 406 965 ου’
420 914 477 975 πρὸς
492 917 589 969 πάντας.
619 916 692 965 ἐνιαν
707 914 750 975 κύρ
766 917 802 962 καί
818 913 939 962 ἐπακούειν
957 919 1042 976 ὲλεηεν,

81 987 114 1038 ὅτι
135 988 177 1047 την
193 990 304 1040 Μωυσέως
316 987 495 1086 ,ἐπιστεύθησαν
520 988 642 1046 καθέδραν.
682 986 742 1044 πλην
765 985 822 1044 πρὸς
843 982 898 1036 τούς
917 982 1066 1044 ύιισκριτοίς10

81 1064 166 1140 ἔλεηεν·
183 1055 233 1104 ούαί
249 1058 327 1115 aptat
341 1058 533 1116 ηραμματεῖςκαί
551 1054 717 1116 Φαρισαῖοι,
702 1057 836 1114 υποκριταί,
858 1053 893 1099 ὅτι
909 1057 1041 1114 καθαρίζετε

82 1132 122 1176 τού
138 1129 247 1186 ποτηρίου
267 1131 302 1175 καί
325 1132 364 1186 της
386 1128 514 1187 παροψίδος
539 1147 564 1173 το
586 1133 680 1181 ἔξωθεν,
703 1133 789 1174 ε’σιυθεν
812 1128 835 1172 dd
853 1126 918 1183 γέμει
939 1122 1041 1183 piacet

85 1202 189 1257 Φαρισαῖε
204 1200 287 1256 τυφλέ,
311 1197 438 1255 recuperor
461 1199 549 1278 πρώτην
571 1200 611 1244 τοτ’
634 1198 744 1255 ποτηρίου
767 1197 802 1241 καὶ
818 1198 858 1253 της
874 1195 1000 1253 παροψίδος
1015 1184 1040 1242 τύ

82 1273 201 1352 ἐσαθεη,
189 1286 227 1314 ινα
242 1269 335 1326 γένηται
350 1270 386 1314 καὶ
402 1264 430 1312 τοί
446 1272 484 1320 ἔξω
500 1264 574 1313 αύτων
583 1264 707 1325 ὃκαθαροί.
738 1287 774 1313 και
769 1263 884 1325 αληθοις
915 1267 1041 1322 φωτισθέν-

82 1340 118 1419 της
132 1357 175 1399 καρ
189 1340 231 1384 τού
246 1341 289 1385 aar]
305 1341 333 1400 τη
348 1335 479 1396 γνοίσειύι
470 1336 555 1395 peada
571 1338 668 1384 ιίύναται
684 1334 773 1396 αίηαθὸς
789 1338 860 1390 εἶναι,
882 1337 897 1394 p‘t
889 1329 1067 1394 παρίπεται15

81 1403 105 1452 τὸ
121 1407 225 1465 καθαρὸν
240 1410 356 1466 γενέσθαι.
380 1413 409 1454 ἐκ
424 1409 463 1465 της
478 1412 518 1452 ἔστι
533 1404 576 1465 κύρ
592 1404 723 1455 διανοίας
709 1426 723 1466 η
739 1411 780 1454 τού
796 1413 835 1461 ε’ξω
851 1403 1040 1464 σοι’ματοςοίηαθη

81 1480 166 1538 γίνεται
182 1477 286 1537 πρόνοια.
316 1475 345 1528 οἷς
360 1476 406 1524 οίπὸ
422 1495 447 1536 γε
463 1478 502 1536 τῆς
518 1475 574 1523 κατα
597 1475 622 1523 τὸ
637 1481 701 1535 σῶμα
718 1474 871 1535 ἀναισθησίας
885 1478 926 1534 της
941 1476 1042 1525 ιλιανοίας

82 1546 175 1606 πρόνοια
185 1548 293 1606 γενέσθαι
307 1548 334 1594 οὐ
348 1544 450 1601 δύναται,
465 1545 537 1598 σύκοις
551 1546 563 1594 ὁ
579 1544 681 1605 καθαρὸς
697 1550 733 1594 καί
749 1544 774 1594 τύ
790 1552 828 1601 ἔξω
843 1549 879 1593 καί
892 1542 917 1591 τύ
931 1549 970 1592 ἔστι
981 1551 1041 1591 καθ-

83 1704 118 1734 οοι
134 1691 216 1746 quidem
231 1702 242 1732 a
257 1689 315 1733 malis
330 1696 417 1746 purgate
432 1702 470 1744 per
486 1690 598 1733 coelestem
613 1690 748 1747 intellectum,
772 1690 856 1732 lavacro
877 1695 946 1732 autem
966 1701 1042 1744 corpus

83 1762 156 1804 diluite.
179 1761 229 1803 Nem
245 1762 298 1803 iuter
313 1775 363 1804 vere
379 1763 433 1804 hona
449 1768 481 1805 est
496 1759 610 1806 mundities.
640 1762 686 1804 Nea
695 1763 754 1817 quasi
769 1762 838 1804 cordis
854 1762 962 1815 puritatem
978 1774 1040 1816 prae·
1047 1770 1066 1804 aa

6 1856 14 1874 ι
83 1833 140 1875 cedat
155 1832 237 1875 castitas
253 1832 354 1887 corporis,
369 1833 405 1875 sed
422 1833 469 1886 quia
482 1838 529 1886 post
544 1833 621 1875 hotrum
637 1834 731 1887 sequitur
747 1833 802 1887 quod
814 1831 912 1874 mundum
922 1838 959 1875 est.
990 1832 1042 1874 Ete-

82 1903 122 1944 uim
136 1903 234 1959 Magister
246 1908 319 1945 noster
334 1904 435 1957 quosdam
451 1908 571 1946 nostrorum
586 1904 743 1947 Pharisaeorum
760 1909 780 1946 et
797 1904 925 1959 Scribarum,
945 1905 980 1958 qui
995 1909 1043 1947 suut

82 1976 178 2031 separati,
195 1979 215 2016 et
229 1974 281 2029 legis
300 1974 400 2031 instituta,
427 1980 449 2016 ut
462 1975 554 2031 scribae,
576 1976 621 2030 plus
638 1976 725 2018 caeteris
742 1980 880 2031 cognoscunt,
903 1974 1043 2030 redarguebat

0 2081 15 2091 .
82 2049 149 2087 tamen
164 2046 220 2088 velut
235 2045 362 2101 hypocritas,
383 2045 479 2100 tprcdea
494 2046 538 2089 sola
554 2059 608 2102 quae
624 2047 648 2090 ah
664 2048 779 2091 hominibus
795 2047 890 2089 videatur
904 2046 1042 2103 purificarent,

84 2116 151 2160 cordis
166 2129 217 2160 vero
233 2118 341 2171 puritatem
358 2129 417 2171 quam
434 2117 490 2159 solus
506 2118 561 2161 Deus
580 2119 651 2174 aspicit
667 2119 816 2173 relinquerent.
1048 2129 1067 2162 ιι

139 2186 209 2230 XXIX.
240 2187 283 2228 Hae
299 2199 350 2242 erge
366 2188 411 2241 ipsa
427 2199 480 2229 voce
496 2200 546 2231 usus
563 2194 604 2245 est,
621 2202 696 2232 revera
712 2190 738 2231 ad
754 2189 872 2244 hypocritas
887 2188 941 2230 iuter
958 2200 994 2231 eos
1009 2188 1043 2229 do-

7 2310 13 2316 .
84 2271 158 2315 quens,
179 2269 220 2299 nou
235 2270 286 2300 vero
303 2258 327 2298 ad
344 2269 423 2299 orares.
453 2256 504 2299 Nam
519 2261 636 2315 praecepit,
657 2265 680 2302 ut
695 2259 816 2314 ‹prihusdam
833 2258 963 2313 obediretur,
986 2259 1042 2313 quod

12 2318 14 2323 ’
82 2329 104 2370 iis
120 2328 228 2372 commissa
242 2327 315 2371 fuisset
329 2328 404 2383 Moysis
422 2328 524 2370 cathedra.
561 2330 636 2372 Verum
659 2329 683 2371 ad
703 2329 821 2385 hypocritas
845 2328 904 2371 dixit:
928 2328 969 2370 Vae
984 2328 1043 2370 codis

82 2399 168 2441 Ser-idae
183 2404 204 2440 et
217 2399 326 2440 Pharisaei
341 2399 473 2453 hypocritae,
493 2401 542 2454 quta
557 2400 660 2442 mtaadatds
675 2401 748 2441 cah'eds
763 2405 784 2441 et
795 2400 917 2455 paropstdts
932 2400 988 2454 qaod
1000 2414 1041 2442 em-

83 2472 145 2512 terdac
160 2475 196 2522 est,
212 2470 267 2511 datas
282 2474 349 2510 aatem
364 2483 390 2511 ea
402 2471 466 2524 pleae
480 2477 527 2512 sacrat
541 2471 650 2526 squaloris.
680 2471 792 2511 Pdarisaee
809 2484 877 2522 caece,
893 2471 970 2512 ataada
982 2471 1066 2524 praesto

84 2543 154 2583 codicis
169 2546 190 2583 οι
201 2542 321 2595 paropsidis
336 2542 433 2593 ιἰιισιιίισ,
454 2547 477 2582 αι
490 2548 510 2583 et
525 2544 607 2585 illoram
626 2543 732 2583 ecetert'cra
751 2543 828 2584 ικιιιιιια
846 2542 903 2595 aaut.
940 2542 965 2583 Ει
985 2555 1041 2585 vere.

82 2611 131 2654 Nam
147 2617 215 2655 meute
231 2624 269 2666 per
284 2612 389 2653 scientiam
404 2611 502 2654 illustrata
509 2615 565 2669 ,σαι
580 2613 649 2655 didicit
642 2617 731 2667 tpctest
754 2625 801 2655 esse
816 2614 894 2665 honus3
917 2625 977 2666 qrram
999 2626 1041 2654 rem

84 2685 217 2738 consequitur
232 2682 320 2735 pur,itas
346 2682 392 2736 quia
413 2695 439 2724 ex
454 2683 548 2726 interiori
569 2685 672 2727 mttehecu
694 2683 715 2725 fit
708 2684 846 2727 ttexerioris
870 2684 964 2738 corporis
987 2684 1040 2725 homa

83 2755 179 2805 provisio.
210 2752 385 2802 Quemadmodum
401 2765 427 2794 ex
443 2756 536 2809 corporis
552 2756 648 2811 neglectu
627 2753 736 2797 tmeutis
752 2755 844 2809 provisio
861 2754 906 2815 fieri
921 2755 999 2809 aequit
1013 2756 1040 2796 ita
1098 2753 1099 2757 ’

83 2825 116 2877 qui
131 2837 195 2880 purus
212 2830 255 2879 est,
271 2828 291 2865 et
308 2823 364 2876 quod
380 2825 472 2867 exterius
488 2830 545 2868 este
535 2827 646 2881 etquod
641 2831 669 2868 m
671 2838 726 2869 erius
742 2838 768 2880 po
770 2832 810 2871 est
825 2838 923 2882 purgare
940 2825 1039 2880 quivero

114 3011 131 3046 1.
162 3004 215 3048 dttd
233 3005 259 3055 ὡς
275 3010 295 3047 G.
374 3038 376 3042 .
602 3015 621 3050 4.
651 3005 706 3061 ύμείς
723 3012 744 3051 0,
760 3015 821 3052 atatth.
836 3015 869 3059 23,
888 3012 921 3048 25.

111 3071 130 3105 2.
160 3065 204 3120 ύμῖν
220 3068 239 3106 C.
271 3068 388 3107 Ottobooiaoi
408 3070 450 3108 lect.
472 3083 549 3119 praesa-
603 3072 621 3108 5.
652 3066 728 3123 ρ’ύιιους
743 3073 762 3111 C.

83 3124 128 3172 givia
143 3128 161 3165 S.
604 3133 622 3168 6.
653 3126 715 3170 αὐτού
732 3130 752 3167 0.

113 3187 131 3223 3.
163 3182 224 3235 λέγων
240 3187 281 3224 add.
298 3199 313 3223 c.
330 3183 351 3224 0.
386 3188 435 3224 Idem
451 3201 468 3238 p.
486 3186 549 3242 ἕιεηει

83 3241 165 3285 lacuuaur
181 3246 262 3297 praebet.
279 3246 339 3284 hiatth.
357 3248 390 3295 23,
406 3250 425 3285 2.
