2276 3612
128 254 149 303 rr,
168 255 261 293 ro-re.
322 226 324 235 i
596 247 623 290 50

128 366 212 425 ρηιιιός,
227 364 238 412 ό
254 370 286 417 εἰς
300 365 361 413 τέλος
376 360 506 420 ε’γνιόναμεν
525 363 679 419 γεγενημένον
689 360 704 411 ¹,
723 359 794 408 καλῶς
812 355 873 419 αὕτη]
890 364 914 405 ἐν
929 363 974 407 των
992 357 1035 419 ήδη
1049 378 1086 418 γε-

128 437 260 494 γενήμένων
275 436 311 481 καὶ
326 429 353 476 τό
368 427 464 489 ἐσόμενα
481 434 573 476 ἔσεσθαι
594 427 745 485 πιστεόομεν,
768 424 794 474 ον’
809 429 884 485 μόνον
898 427 927 482 οἷς
945 428 1087 488 γινόσνσντι,

129 504 186 551 datu
202 507 239 550 ταὶ
255 501 438 562 προγινώσκοντι.
467 500 512 546 τίνι
528 495 585 553 οὖν,
600 500 644 547 τισίν
658 496 747 557 βραχύν
762 498 820 543 νοιίν
835 502 918 559 ἔχοντι,
933 499 960 544 ον’
973 499 1086 558 φαίνεται,

129 574 158 625 σός
173 573 212 635 χρή
228 571 298 631 τσότμ
310 567 372 626 scepei
383 570 474 620 πάντας
490 568 606 617 πιστεύειν
621 569 649 616 τό
664 571 693 627 τῷ
709 570 758 628 Θεῷ
773 568 877 622 δόξαντα,
892 567 916 619 δς
938 568 1010 626 μόνος
1025 566 1086 626 πωρολ

104 656 113 687 5
131 643 219 693 πάντας
234 639 387 699 σίνθρνλπονς2
402 640 438 684 ναί
454 635 486 699 μή
502 636 588 696 μαθων
606 639 736 688 ἐπίοτωτσις
756 633 803 690 διό,
819 634 848 682 ἂν
863 639 892 698 epi
908 636 1013 697 τοισότηι,
1031 640 1086 695 λέγω

130 713 153 757 δε
164 714 193 770 τῷ
202 709 328 768 πρόγνωσιν
336 714 411 771 ἔχοντι
422 705 459 753 διδ
471 706 513 766 τήν
522 714 545 754 έν
562 709 621 766 odaei
631 709 671 753 cod
685 706 818 762 πνεύματος
829 704 948 764 θειότητα,
962 705 987 753 τό
998 704 1085 769 σλληθὲς

128 782 210 826 εἰδέναι
225 777 259 839 μή
276 779 365 825 διδόναι
379 796 413 828 τις
428 779 508 831 θέλοι,
523 781 569 823 τινί
585 779 649 835 ἑτέρω
665 773 719 825 δούς
734 775 833 830 εἰδέναι,
849 773 890 822 σνίι
906 773 1086 838 ἑνδεήςτλπόρχει

129 850 224 907 φρενῶν,
231 845 376 901 σίποδεδωτνός
383 849 414 907 τῷ
422 844 454 906 μή
463 847 577 908 προηήτγγ,
585 846 599 892 δ
607 844 712 905 πρσιμήτη
723 846 805 891 εἰδέναι
814 846 894 892 δοῦναι
904 844 945 892 oda
956 846 1086 905 ἐβουλήθης

185 919 218 962 ΧΙ.
243 916 322 963 Ὅθεν
338 915 382 976 πρό
403 919 497 965 πόντων
518 918 579 977 πολογγ
599 920 667 977 ιιρίσει
684 915 718 963 διό
734 920 775 973 της
791 918 932 975 προφητιιιής
952 920 1086 978 ἐπαγγελίας

105 986 184 1036 τοτόν5
199 988 321 1046 προφήτην
338 993 411 1045 ζητεῖν
426 990 470 1042 δεῖ,
489 991 524 1034 παλ
539 986 638 1047 γνόντα,
660 997 707 1038 τοῖς
721 989 809 1036 λοιποῖς
827 990 868 1044 της
885 988 1029 1038 διδασκαλίας
1045 985 1087 1032 ον’-

128 1060 172 1105 τον
187 1056 263 1114 λόγοις
278 1053 443 1107 σίνενδοιοίστως
459 1063 569 1109 ἕπεσθαι,
592 1058 629 1101 ταὶ
652 1057 785 1112 θαρρσήντσι
802 1057 853 1113 περὶ
868 1058 912 1101 τών
927 1058 1086 1112 ἐλπιζομένων,

127 1127 293 1173 πολιτεύεσθαι
307 1128 336 1186 τή
352 1127 429 1186 προίτγγ
445 1127 527 1183 νρίσει,
545 1123 630 1180 γνόντα
646 1119 713 1177 odat
736 1123 771 1169 ὅτι
788 1122 799 1168 ό
819 1128 888 1169 ταντα
905 1123 974 1170 εἰπνλν
990 1121 1046 1182 πρός
1060 1123 1086 1169 τό

127 1194 258 1250 ψεύσασθαι
275 1195 342 1252 priore
358 1193 397 1240 σόν
412 1202 464 1255 ἔχει.
495 1193 528 1239 διό
546 1191 586 1238 εἰίν
602 1211 623 1238 τι
640 1194 682 1238 τον
697 1194 779 1238 λοιπον
794 1195 839 1238 των
854 1190 893 1239 ὑπ’
911 1194 985 1242 αὐτοῦ
1001 1195 1085 1253 ῥηθέν-

128 1283 171 1311 των
187 1266 241 1324 δονή
255 1262 328 1320 ήμῖν5
343 1262 375 1320 μή
391 1263 462 1313 καλῶς
477 1264 594 1321 εἰρήσθαι,
614 1262 696 1306 εἰδέναι
719 1258 758 1322 γρή
783 1260 817 1306 ότι
837 1263 877 1308 οὐκ
898 1262 982 1324 οὔποθ’
999 1267 1085 1321 εἴρηται

105 1336 210 1386 tenende,
230 1330 277 1378 ἄλλ’
293 1328 350 1377 ον’τό
366 1330 431 1388 ήμεῖς
447 1335 518 1382 ναλως
533 1337 584 1391 ἔχον
606 1329 646 1376 oria
662 1330 797 1389 ἐννοήσωμεν.
835 1331 916 1389 όίγνοια
939 1332 983 1392 γσλρ
1004 1336 1086 1390 γνωσιν

129 1402 167 1451 oria
182 1401 255 1462 ὀρθῶς
270 1404 352 1459 τρίνει,
366 1399 405 1447 diae
421 1399 447 1459 δή
464 1400 516 1446 οὔτε
529 1403 609 1459 γνῶσις
624 1399 752 1459 πρόγνωσιν
766 1398 857 1459 ολληθιός
872 1403 958 1459 κρίνειν
974 1404 1082 1458 πέφηνεν.

129 1471 195 1520 eiii'7
209 1471 224 1528 ή
239 1470 363 1531 πρόγνωσις
378 1481 425 1521 τοῖς
440 1467 546 1528 σῖγνσοιλοι
563 1472 653 1531 παρέχει
668 1467 711 1526 τήν
725 1475 815 1527 γνωσιν.

187 1542 227 1585 ΧΠ.
252 1540 342 1594 Ὅθεν,
357 1537 372 1584 ὦ
389 1541 438 1597 φίλε
452 1536 561 1597 Κλήμης,
576 1542 621 1598 εἴγε
637 1536 663 1584 τό
680 1542 709 1599 τη]
725 1542 773 1600 Θεῷ
789 1542 925 1598 διαφέροντα
941 1543 1025 1600 γνῶναι
1043 1544 1085 1588 θέ-

130 1683 205 1724 scimus
221 1675 330 1735 evenisse,
348 1685 406 1722 recte
423 1681 441 1722 ei
458 1694 484 1722 ex
498 1681 522 1723 iis
538 1682 646 1735 quaejam
661 1680 714 1722 iacta
729 1682 823 1738 fuerunt,
846 1682 913 1725 futura
935 1694 1019 1736 quoquc
1035 1694 1084 1723 ere-

103 1752 193 1796 aodimus
215 1751 269 1806 iore,
291 1756 394 1804 tamquam
412 1762 455 1792 nou
475 1751 541 1792 solum
558 1751 639 1806 scienti,
660 1764 732 1792 verum
754 1758 773 1794 et
792 1752 923 1805 praescienti.
967 1751 1004 1793 Cui
1026 1763 1084 1806 ergo,

129 1833 250 1875 quamquam
265 1822 362 1875 exiguum
381 1821 487 1875 ingenium
507 1821 600 1875 babenti,
623 1833 665 1862 non
681 1827 775 1876 apparet,
795 1822 821 1863 de
843 1822 932 1864 consiliis
948 1821 986 1862 Dei
1002 1822 1021 1862 ei
1034 1834 1084 1875 prae

127 1892 219 1933 omnibus
234 1890 360 1932 credendum
376 1892 411 1945 qui
425 1890 482 1932 sotus
495 1903 545 1944 prae
563 1892 656 1933 omnibus
672 1891 788 1933 bominibus
804 1904 829 1932 ea
846 1892 914 1946 novit,
930 1891 978 1933 licet
992 1903 1035 1932 non
1050 1891 1083 1932 ‹ti-
1133 1941 1135 1946 Α

127 1960 213 2003 dicerit?
244 1961 312 2009 Quare
327 1961 371 2016 tali,
387 1961 588 2015 praecognitionem,
603 1963 695 2017 inquam,
711 1961 794 2003 habenti
809 1975 847 2016 per
862 1962 987 2003 divinitatem
1002 1962 1084 2015 spiritus

127 2043 181 2084 quae
196 2031 277 2084 inipso
298 2031 386 2084 exsistit,
403 2032 421 2073 si
436 2030 488 2084 [quis
509 2031 560 2071 nolit
581 2033 626 2073 veri
640 2032 779 2085 cognitionem
797 2031 899 2086 tribuere,
924 2036 944 2072 et
962 2044 1007 2073 eam
1026 2028 1083 2073 alteri

102 2102 215 2153 25cuipiam
229 2100 301 2156 tradit,
316 2112 386 2141 nonne
401 2101 475 2141 mentis
490 2100 550 2153 inops
566 2106 603 2156 cst,
619 2103 654 2155 qui
670 2101 772 2143 adscribat
789 2113 830 2142 non
840 2100 955 2155 Prophetae
971 2102 1082 2156 scientiam,
1099 2105 1100 2108 ’

129 2183 190 2225 quam
205 2170 270 2211 noluit
284 2170 399 2224 Prophetae
415 2169 547 2211 concedere?

185 2239 217 2282 ΧΙ.
249 2240 316 2288 Quare
332 2246 390 2282 ante.
400 2240 498 2281 universa
514 2238 569 2281 omrri
581 2236 658 2292 judicio
680 2243 763 2290 oportet
781 2251 819 2292 per
833 2238 974 2293 propheticam
992 2242 1083 2294 promis-

128 2312 207 2354 sionem
221 2310 343 2364 Prophetam
359 2322 474 2364 quaerere5
490 2321 558 2364 eoque
577 2309 660 2363 cognito
676 2308 759 2361 reliquis
776 2309 882 2352 doctrinae
895 2311 940 2364 ejus
954 2311 1083 2353 sermonibus

129 2381 242 2422 adhaerere
262 2381 307 2422 sine
326 2379 366 2421 ulla
387 2380 514 2422 dubitatione
538 2384 599 2433 atque
620 2377 742 2420 confidendo
768 2378 794 2421 dc
813 2380 873 2423 bonis
893 2392 946 2433 quae
969 2386 1083 2436 sperantur,

103 2454 185 2507 30Juxta
200 2451 286 2503 primum
296 2450 394 2505 judicium
409 2451 490 2502 vivere3
506 2450 590 2493 sciendo
611 2448 716 2503 videlicet,
740 2449 796 2503 quod
817 2451 890 2504 quiea
909 2450 973 2491 verba
994 2451 1082 2506 protulit,

127 2523 155 2563 ita
171 2524 244 2562 natura
259 2525 387 2573 comparatus
404 2525 444 2575 est,
461 2526 483 2562 ut
497 2520 578 2562 mentiri
593 2524 688 2572 nequeat.
719 2519 855 2567 Quamobrem
871 2520 888 2562 si
904 2519 929 2560 de
945 2525 1028 2561 caetero
1042 2521 1081 2562 aii-

128 2590 178 2645 quid
193 2589 218 2630 ab
234 2600 259 2629 eo
275 2589 375 2630 dictorum
389 2589 449 2632 nobis
465 2601 508 2632 non
523 2594 581 2631 recte
597 2588 671 2630 dictum
686 2588 792 2644 videatur,
813 2590 867 2632 seire
884 2595 977 2645 oportet,
998 2602 1041 2632 non
1056 2592 1080 2633 ab

129 2673 154 2702 eo
170 2670 235 2713 prave
251 2657 323 2699 dietum
340 2670 395 2714 esse,
418 2658 455 2701 sed
475 2671 514 2700 nos
535 2658 555 2699 id
576 2658 630 2711 quod
646 2659 699 2699 bene
715 2659 790 2700 dietum
806 2665 861 2715 crat,
884 2672 926 2702 non
948 2661 1079 2704 intellexisse.

128 2731 201 2784 Neque
217 2728 271 2770 enim
285 2729 414 2783 ingnorantia
429 2734 487 2770 recte
509 2729 648 2782 cognitionem
664 2728 770 2783 dijrrdicat:
792 2729 851 2772 sicuti
866 2743 905 2771 nec
924 2731 1008 2772 scientia
1029 2744 1080 2773 vere

105 2806 196 2854 sapetest
208 2798 302 2853 judicare
315 2800 479 2851 praescientiam,
494 2811 565 2840 vermu
580 2799 715 2851 praescientia
730 2800 871 2853 ignorantibus
887 2800 955 2841 tribuit
970 2801 1080 2843 scientiam.

186 2871 226 2914 XII.
257 2870 367 2926 Quocirca,
383 2872 447 2913 amice
463 2870 566 2925 Clemens,
588 2872 604 2913 si
623 2883 676 2925 (pirae
695 2871 720 2912 ad
740 2871 805 2913 Deum
824 2872 928 2925 pertinent
951 2881 1080 2924 cognoscere

174 3018 177 3026 .
206 2988 232 3024 lta
249 2985 263 3023 0
282 2997 298 3022 e.
314 2984 336 3032 S,
352 2982 477 3035 γεγενημένων
493 2986 512 3024 G.
629 3029 630 3033 Ἰ
647 2986 665 3022 5,
695 2980 739 3033 ὑμῖν
755 2985 782 3033 0,
803 2997 881 3034 quocum
902 2984 944 3021 dedi
958 2980 984 3036 μή
1004 2985 1078 3030 καλῶς.

174 3073 179 3083 .
207 3041 330 3095 ἀνθρώπους
345 3053 381 3079 om.
398 3043 419 3080 0.
616 3044 672 3080 Deest
687 3039 712 3093 μὴ
728 3055 757 3091 op.
774 3043 798 3093 C,
820 3045 849 3092 qui
865 3048 964 3092 propterea
981 3045 1030 3092 conj.
1045 3058 1079 3083 να-

175 3132 179 3141 .
207 3099 266 3144 eto,
616 3100 665 3145 πῶς.
695 3098 834 3146 Soti-auitae.

176 3189 179 3196 .
208 3158 291 3211 γνόντα,
307 3152 342 3199 σόν
358 3159 381 3206 C,
401 3158 451 3206 cujas
467 3161 591 3207 conjecturam
646 3164 664 3197 6.
694 3154 743 3197 αὐτό
759 3161 779 3198 C.
808 3163 850 3198 Tum
867 3160 918 3197 deest
934 3160 1001 3207 κακῶς
1014 3159 1032 3197 iu
1043 3160 1064 3198 0.

131 3214 200 3270 γνόντα
216 3213 256 3267 οἶν,
272 3215 302 3258 ότι
317 3218 391 3256 exiribet
402 3217 427 3263 O,
442 3213 512 3267 γνόντα
528 3213 559 3256 ότι
571 3218 590 3256 S.
645 3221 663 3256 7.
694 3213 747 3258 ἀλλὰ
763 3219 783 3256 O.
815 3221 816 3224 ’
