2276 3612
488 278 490 282 ’
533 268 561 312 79
929 267 958 318 ur,
975 273 995 309 4.
1013 270 1031 309 5,

67 400 137 432 σαντα
155 382 231 439 σέβειν
247 381 318 436 Θεόν,
333 387 366 428 dat
383 383 406 428 όὲ
422 383 458 426 καὶ
474 384 519 428 τών
534 382 627 431 daneta
646 384 781 442 δυναμένων
796 382 887 440 βίβλων
903 376 929 425 ad
944 378 1031 437 μυστή-

66 470 128 512 ριον,
143 446 209 498 οὐδὲν
225 452 358 510 ιλυνήσεκαι,
372 459 420 500 τοῖς
437 452 461 496 dt
476 447 522 497 οἷπό
538 456 626 510 ε’θνων,
641 451 819 512 κη’νπσλόθεον
835 448 954 508 όπόληηιιν
976 450 1032 496 συ’ν-

65 521 151 579 τροφον
168 525 270 582 ἔχουσιν,
285 524 322 569 καὶ
338 523 384 568 σοῖν
399 522 492 580 γραφῶν
506 520 533 568 ναξ
549 525 619 584 ψευόή
634 523 676 572 οὐκ
696 525 793 578 εἰιλόσιν,
814 520 879 569 nalal
897 519 1031 577 όυνήοενοιι·

66 592 92 640 οὐ
108 592 182 648 μόνον
199 589 282 645 αὐτός,
303 588 350 636 ἄλλ’
366 594 386 636 εἰ
406 593 444 636 καὶ
459 589 527 642 ἄλλος
547 610 581 643 τις
596 606 643 647 τοῖς
664 592 710 640 dud
733 596 811 640 ἐθνῶν
828 590 886 639 κακοὶ
909 594 951 638 που
968 589 1032 637 Θεου

67 659 150 710 κενόν1
165 680 229 717 τινα,
251 660 334 718 ὅμοιον
352 660 441 720 ὀνείρῳ,
464 662 576 713 πλουσίως
591 665 762 722 κεκοσμημένον
776 660 920 723 όηηγήσευαι
942 663 1048 720 paldone

66 729 257 790 πιστευθήσεται,
270 735 300 790 cpi
315 735 340 777 ἐκ
355 733 442 779 παίδων
457 726 498 778 κόν
513 732 571 778 νοῦν
587 728 661 778 adada
676 730 704 779 col
720 729 776 778 καειλ
792 737 834 780 σου
843 735 902 780 θεοῦ
917 731 1031 793 λεγόμενοι

67 806 192 859 ἐθισθῆναι
208 801 376 861 λαγηλοῖνεινῖ.Ἰ
403 800 498 849 σπολνιοι
518 802 541 847 όὲ
561 818 622 852 τινες
637 805 716 859 οἱμὲν
732 800 807 848 αὐτῶν
822 808 925 856 ἔσονται,
956 798 985 853 κός
1008 806 1030 848 ἐκ

67 868 172 929 πλήθους
187 869 268 930 όλίγοι,
283 878 365 925 οἵτινες
380 868 407 919 ‹h’
418 869 598 931 εὐγνωμοσύνην
613 867 641 917 οὐ
656 871 780 929 θελήσουσι
795 872 852 919 κακοὶ
862 877 903 921 σου
912 872 940 919 acl
951 872 1030 918 πόνοιο

67 943 188 995 κτίσαντος
204 942 267 987 Θεοῦ
281 938 351 990 κακόν
366 943 435 1001 λόγον
450 939 530 989 ουὐόό
546 939 591 987 κᾶν
606 938 702 988 ἄκουσαι
717 941 803 998 μόνον’·
826 943 860 994 οἷς
881 943 963 1001 μόνοις
983 940 1030 989 dno*

66 1015 142 1059 ἐθνων
158 1010 211 1059 οὖσι
227 1015 330 1072 σωθήναι
344 1012 471 1072 γενήσεται.
499 1009 534 1071 μή
549 1008 591 1059 οὖν
606 1010 682 1071 ήμῑν4
701 1030 735 1063 τις
749 1009 789 1059 κόν
804 1014 898 1070 Σίμωνα
914 1016 1029 1064 παντελῶς
1037 1025 1057 1058 10

68 1085 208 1143 μεμηὲσθω,
224 1080 238 1142 d
253 1077 288 1130 nol
304 1080 374 1130 όλλον
388 1080 450 1130 atad·
467 1079 535 1131 οὐδὲν
548 1079 592 1145 γοῖρ
608 1082 687 1133 ολόὶκως
702 1084 803 1141 γίνεται,
818 1080 878 1129 ὅπου
893 1085 930 1129 καὶ
943 1081 972 1129 vol
986 1087 1030 1129 κων

67 1155 159 1211 γραφῶν
174 1154 247 1210 quaeda}
262 1150 358 1210 εὐλόγως
370 1151 426 1210 πρός
440 1153 537 1211 δοκιμήν
551 1158 632 1212 ἔχοντα
648 1151 762 1215 κυγχοένει.

125 1225 149 1269 V.
180 1219 249 1281 Kdyd
264 1222 361 1282 Κλήμης
377 1218 476 1274 ἀνιούσας
490 1228 557 1282 ἔφην·
574 1226 624 1276 πως
637 1225 720 1283 λὲγεις,
734 1220 804 1281 κύριε,
819 1225 856 1270 καλ
870 1221 899 1270 col
915 1226 959 1271 κων
975 1242 1030 1283 γρα-

69 1295 116 1352 pato
131 1295 203 1351 ψευιλη
219 1290 312 1351 εὐλόγως
327 1289 385 1350 πρός
405 1290 500 1350 δοκιμήν
515 1290 643 1351 ἀνθρώπων
664 1299 738 1353 ε”γειν,·
758 1290 769 1338 ό
788 1293 811 1337 δέ
826 1290 979 1351 σῖπεκρίναυο’
1002 1293 1029 1340 τό

67 1364 140 1422 peuda}
154 1366 198 1411 acia
214 1370 306 1421 γραφῶν
322 1363 432 1422 οἰκήμασι
448 1364 527 1414 κακίας
542 1364 671 1422 όικαλριαινὶ
685 1363 742 1422 λόγῳ
751 1363 866 1420 γραφῆναι
879 1362 1030 1423 συνεχωρήθη.
1038 1377 1057 1410 15

69 1434 165 1493 εὐλόγως
179 1433 218 1479 dd⁵
234 1436 289 1492 λέγω
304 1431 384 1484 οὕτως.
419 1439 443 1479 ἐν
463 1443 512 1484 ταῖς
527 1430 688 1491 θεολογίαιςό
710 1428 810 1491 πονηρός
825 1434 865 1477 που
881 1430 975 1491 οἷγαθού
991 1432 1032 1479 τόν

70 1500 130 1549 Θεόν
144 1500 185 1549 οὐκ
199 1504 295 1550 ἔλασκον
311 1501 407 1561 οἲγυπών
422 1504 456 1549 ἑνὶ
471 1500 535 1564 μόνῳ
551 1503 700 1550 οἷπολείπεκκι
716 1504 758 1547 που
774 1500 876 1559 dycaeo,
890 1501 925 1546 όει
941 1504 978 1548 καλ
988 1504 1033 1547 κων

70 1571 164 1633 ἁγνείας
178 1570 392 1635 αἶνίηοῖοεβσόνιων
406 1570 434 1619 ου’
443 1574 608 1634 συγγινώσκειν,
623 1576 708 1633 σνοργγγ
718 1575 746 1630 νή
759 1570 816 1632 πρὸς
829 1568 1033 1631 κόοῖοεγλοόμενσν,

69 1727 108 1770 Dei
126 1727 242 1782 accepimus
257 1739 352 1770 necnon
368 1728 518 1782 Scripturarum
533 1727 630 1781 decipere
646 1727 757 1769 valentium
772 1728 905 1782 mysterium,
927 1725 976 1768 nihil
990 1738 1032 1781 po-

70 1799 126 1842 terit:
143 1804 215 1841 contra
228 1810 280 1841 vero
295 1798 392 1855 gentiles,
408 1798 428 1839 in
443 1797 552 1839 multorum
566 1797 657 1839 Deorum
673 1798 770 1853 opinione
784 1799 880 1852 nutritos,
895 1797 1059 1852 ignorantes-ao

72 1882 112 1925 que
127 1870 245 1923 scripturae
260 1868 378 1922 mendacia,
396 1868 473 1910 valebit
486 1868 605 1921 plurimum:
626 1880 668 1910 non
685 1867 749 1909 modo
765 1869 820 1924 ipse,
844 1867 881 1911 scd
904 1874 925 1910 et
948 1868 965 1911 si
987 1868 1032 1922 quis

71 1940 122 1983 alius
138 1939 224 1982 ethnicis
239 1951 312 1980 vanam
328 1938 415 1994 aliquam
430 1939 451 1979 in
465 1937 531 1980 Deum
545 1937 644 1994 fabulam,
669 1938 756 1981 similem
776 1939 857 1982 somnio
879 1938 1032 1993 opulenterqne

71 2016 163 2054 ornatam
174 2010 307 2065 enarraverit,
323 2009 430 2061 credetur3
446 2009 501 2063 quod
517 2023 529 2051 a
543 2011 631 2065 pueritia
645 2022 704 2054 mens
719 2023 793 2053 eorum
808 2011 868 2054 solita
880 2016 913 2053 est
923 2022 1032 2053 sermones

71 2082 171 2126 adversus
186 2081 253 2124 Deum
267 2080 379 2134 suscipere.
409 2079 457 2122 Rari
473 2084 540 2123 autem
554 2081 616 2124 inter*
625 2092 661 2124 eos
677 2086 747 2138 crunt,
763 2087 786 2124 ut
801 2094 814 2124 e
828 2081 957 2123 multitudine
966 2081 1032 2134 pauci,

71 2154 105 2207 qui
121 2154 148 2196 ob
163 2164 252 2206 aequum
268 2152 355 2193 animum
369 2150 440 2194 nolent
454 2150 507 2192 malo
522 2152 543 2193 in
558 2152 649 2193 omnium
664 2151 795 2194 conditorem
809 2152 876 2194 Deum
894 2152 985 2194 sermoni
999 2150 1058 2193 velas

71 2236 142 2266 aurem
156 2222 255 2265 duntaxat
269 2221 377 2276 praebere.
408 2221 484 2269 Quibus
499 2221 549 2265 solis
564 2221 650 2264 ethnicis
665 2222 740 2266 salvari
753 2223 866 2278 continget.
895 2222 961 2264 Nemo
972 2222 1033 2277 igitur

70 2295 131 2338 nobis
147 2294 173 2336 de
189 2294 273 2337 Simone
288 2293 368 2347 penitus
383 2297 533 2348 conqueratur,
555 2292 589 2334 vel
604 2292 630 2335 de
647 2306 752 2348 quoquam
768 2293 815 2335 alio.
850 2293 903 2336 Nihil
924 2293 979 2335 enim
997 2294 1032 2334 in-

68 2367 124 2421 juste
139 2365 219 2408 accidit.
249 2363 419 2419 Quandoquidem
432 2367 453 2405 ct
467 2362 619 2417 Scripturarum
634 2364 742 2407 mendacia
753 2366 803 2420 jure
819 2363 845 2407 ad
860 2364 965 2407 homiuum
980 2377 1033 2419 pro-

71 2436 175 2480 bationem
189 2436 256 2490 posita
272 2439 325 2478 sunt.

128 2510 152 2553 V.
182 2507 228 2556 Ouo
244 2505 313 2548 audito
329 2516 370 2560 ego
386 2502 480 2548 Clemens
496 2503 548 2547 dixi:
563 2517 603 2559 qua
618 2505 698 2547 ratione
713 2505 751 2560 ais,
766 2506 862 2564 Domine,
879 2513 899 2550 et
916 2507 1060 2561 Scriptura-to

71 2590 117 2621 rum
131 2577 237 2620 mendacia
252 2578 324 2619 merito
340 2577 365 2618 ad
380 2576 484 2619 hominum
498 2578 642 2631 probationem
653 2578 721 2631 posita
734 2578 816 2622 fuisse?
831 2579 866 2622 lllo
882 2593 933 2622 uero
942 2591 1032 2633 rospon-

72 2650 110 2693 dit:
129 2650 235 2692 meudacia
257 2648 418 2703 Scripturarum,
439 2660 467 2690 ex
486 2641 573 2690 malitiae
588 2648 736 2704 postulatione,
756 2650 813 2704 justa
833 2651 915 2692 ratione
934 2650 1032 2705 permissa

73 2726 120 2765 suut
135 2720 201 2764 scribi.
232 2717 304 2760 hierita
320 2723 388 2761 autem
403 2717 449 2760 dico
465 2718 500 2760 sic.
529 2717 551 2760 ln
566 2718 672 2772 theologia
688 2725 709 2762 et
722 2720 825 2774 religione
841 2720 915 2776 malus,
934 2732 976 2762 non
991 2721 1032 2762 mi-

72 2804 110 2835 nus
127 2790 213 2846 diligens
228 2789 295 2831 Deum
308 2802 368 2844 qnam
383 2790 450 2833 bonus
465 2790 486 2832 iu
501 2802 543 2833 uno
557 2795 634 2848 tautum
650 2803 662 2831 a
678 2790 735 2833 bono
752 2797 868 2848 superatur,
885 2792 940 2846 quod
957 2791 1032 2833 nolens

72 2875 159 2918 parcere
174 2863 209 2918 iis,
230 2861 264 2917 qui
280 2873 307 2903 ex
321 2861 437 2915 ignorantia
458 2861 513 2916 impii
530 2859 586 2917 sunt,
608 2872 680 2904 armore
701 2862 722 2904 in
740 2863 790 2906 illud
811 2856 875 2920 quod¹
888 2874 936 2905 non*
951 2861 1059 2919 colitur,35

104 2985 121 3021 1,
152 2978 221 3023 καινόν
237 2981 262 3029 0,
278 2979 309 3030 qui
324 2980 390 3020 deinde
406 2975 476 3033 ὀνείρω
494 2980 536 3018 cl)
591 2981 610 3018 3.
640 2973 722 3018 adedo
744 2980 810 3020 mutari
830 2979 899 3018 vultin
916 2972 980 3017 αὐτόν
1001 2984 1031 3022 vel

73 3035 107 3088 (ὃν
122 3036 168 3095 εἴρω
185 3042 220 3091 G),
236 3041 270 3079 sed
284 3039 345 3078 statim
360 3036 450 3080 πλουσιόι
466 3038 539 3088 (κλσυΙ
562 3032 624 3076 αὐτοὶ.
655 3039 735 3077 Frustra.
767 3042 803 3080 Cir.
819 3040 870 3078 llom.
885 3038 914 3086 lll,
932 3042 950 3077 9.
967 3040 987 3077 S.

73 3095 109 3149 οιίρ
125 3101 147 3150 G,
162 3097 264 3145 πλουσίως
281 3100 304 3137 de
320 3100 444 3147 conjectura).
482 3112 537 3137 κεκσ-
590 3099 609 3134 ti.
639 3091 695 3148 ὑμῶν
711 3099 730 3136 G.

74 3156 175 3209 σμηθένικ
191 3173 208 3209 p.
224 3153 368 3209 κεκοσμημένον
384 3159 405 3197 0.
592 3158 609 3195 5.
640 3152 661 3195 dt
677 3169 712 3197 om.
731 3159 753 3197 0,

102 3223 120 3258 2.
151 3218 177 3256 lta
193 3219 207 3256 0
224 3223 242 3258 et
258 3220 272 3256 G
288 3218 305 3255 in
323 3229 380 3265 marg.
386 3247 391 3267 ,
406 3212 503 3269 λαμβάνει
518 3215 535 3253 in

71 3279 127 3316 tantu.
