2276 3612
101 224 162 275 xviri,
179 228 213 274 20,
229 229 265 267 at.
564 221 606 266 368

101 336 246 398 ἡμάρτανον
284 334 339 384 attat
359 337 396 381 καί
415 332 500 397 οίλλαχη
516 356 571 384 πον
578 339 649 395 λέγει,
671 340 743 386 θέλων
764 338 901 395 σαφέστερον
922 333 1000 386 αὐτοῖς
1023 352 1065 417 τηη

102 412 181 456 αἰτίαν
196 430 235 490 της
251 406 338 464 πλσίνης
355 401 431 451 αὐτῶν
446 403 573 460 ὑποδεῖξαι
589 404 625 453 διδ
641 428 709 456 τοοκο
726 406 865 453 πλανασῖῖε1
866 439 871 459 ,
891 401 924 463 μη
918 404 1022 455 εἰδότες
1038 400 1064 448 τοί

95 507 97 511 v
102 475 180 539 dludi
196 479 359 537 carpenedo,
375 496 402 522 ον
419 483 494 523 εἵνεκα
510 475 610 536 σίγνοεῖτε
626 481 662 525 καί
684 478 724 531 cde
743 477 844 535 δύναμιν
868 494 909 522 τον
927 478 995 522 Θεοι)
1031 472 1064 519 διὸ

103 552 134 598 δεῖ
149 550 225 597 πσίνκα
242 549 369 606 ίίνθραπον
386 549 489 603 eaedem
505 546 605 593 θέλοντα
621 552 741 605 γενέσθαι,
763 547 791 598 τίς
811 544 822 592 ό
845 544 1014 596 διδάσκαλος
994 554 1065 598 εῖπεν,

87 622 179 680 ὅκριτην
195 622 239 665 τών
256 617 312 676 πρός
328 614 456 676 πειρασμόν
470 621 598 676 γραφεισῶν
613 622 709 678 βίβλων.
740 616 810 670 οὕτως
825 614 867 674 yda
883 617 956 660 εἶπεν·
971 616 1064 673 γίνεσθε

103 696 232 749 τραπεζῖται
248 690 343 747 δόκιμοιΙ
374 692 513 747 τραπεζιτῶν
528 690 551 736 δὲ
566 692 641 750 χρεία,
658 689 693 735 ὅτι
707 699 752 738 τοῖς
767 688 869 744 δοκίμοις
885 688 920 732 καί
932 683 1063 743 adaptata

102 758 289 819 οἷναμεμιγμὲνα.

133 850 135 852 ’
158 831 210 874 ΧΧΙ.
247 829 326 875 Ταῦτα
348 830 390 886 κού
408 829 497 886 Πέτρον
518 827 635 882 εἰπόντος,
657 829 668 874 ό
686 829 764 885 Σίμων
784 829 822 873 ε’πί
841 839 887 878 τοῖς
908 831 993 887 ῥηθεῖσι
1016 828 1065 885 περί

101 904 144 946 τών
159 902 252 959 γραφῶν
269 894 484 957 προσποιησάμενος
500 902 667 959 ἐκπεπλῆχθαι,
680 899 710 949 uir
725 898 850 955 cicendela2
866 905 920 955 ἔφη·
940 893 1008 953 decta,
1023 916 1063 953 μοι

76 974 136 1030 λιι-καί
153 980 201 1025 τοῖς
216 974 256 1027 ἐμὲ
273 971 390 1025 φιλοῦσιν,
407 972 452 1015 τῶν
469 971 512 1016 σῶν
526 968 647 1015 ἐπακούειν
663 966 740 1026 λόγων.
777 968 813 1012 καί
829 969 894 1027 μέχρι
910 970 956 1024 μὲν
971 965 1008 1012 ὅτε
1023 963 1064 1011 οὐκ

101 1041 164 1100 ᾔδειν
182 1060 205 1087 σε
221 1042 293 1085 ταῦτα
310 1041 360 1096 περί
380 1040 425 1085 τόν
440 1043 531 1098 γραφῶν
553 1042 693 1097 φρονοῦντα,
716 1034 841 1099 ἠνειχόμην
863 1039 899 1083 καί
923 1035 1063 1095 διελεγόμην,

102 1111 164 1167 norff*
180 1112 203 1155 δὲ
220 1108 354 1169 ἀφίσταμαι.
392 1111 434 1155 ἔδει
454 1112 534 1194 μέντοι
549 1107 591 1167 την
612 1108 692 1192 οίργην
697 1106 841 1168 ιίπογιορησαί
856 1126 899 1164 με,
922 1104 957 1151 ὅτι
980 1103 1063 1165 duodeci

103 1200 142 1229 σον
160 1182 274 1237 λέγοντος·
291 1178 330 1237 ἐγώ
347 1177 404 1224 arcad
420 1180 470 1225 τού
479 1180 597 1229 κτίσαντος
612 1173 653 1223 τόν
669 1177 756 1235 κόσμον
778 1173 845 1222 oddar
868 1174 942 1223 οὐδενί
964 1194 1063 1221 πιστενω

101 1253 202 1309 λεγοντι,
218 1248 271 1294 οὔτε
287 1245 398 1305 οίγγόλοις,
414 1247 467 1293 οὔτε
483 1266 558 1333 πρσφη
551 1266 622 1332 paese,
638 1245 665 1294 ον’
681 1258 787 1305 γραφαῖς,
803 1242 845 1306 οὐχ
860 1247 968 1330 ἱερεὺσηι,
985 1242 1012 1291 od
1029 1247 1063 1290 δι-

76 1318 235 1373 ῖῡδασκιίλοις,
251 1319 292 1365 οὐκ
308 1317 365 1377 dibon
382 1313 505 1401 αρ’δενί,
484 1317 526 1364 κείν
541 1317 622 1376 σημεῖιί
639 1336 672 1367 τις
688 1321 723 1364 καί
739 1321 821 1374 τέρατα
839 1320 905 1377 ποιη,
920 1315 963 1364 κδν
979 1322 1002 1363 εν
1016 1316 1063 1402 σίερι

101 1392 216 1448 ἐπιφανεῖς
233 1386 366 1447 σίστριίπτη,
391 1407 404 1446 η
427 1386 486 1434 διἰ
475 1386 629 1445 οραμιίτιονίί
646 1385 705 1435 δίί
696 1388 809 1433 εννπνίαν
831 1387 991 1446 ιίποκαλόπτη.
1029 1388 1063 1436 τίς

101 1456 142 1507 οὗν
160 1480 183 1507 σε
199 1468 336 1516 μεταπεῖσαι
352 1455 472 1511 dorcinet,
498 1461 542 1503 εἴτε
561 1460 633 1509 καλσῗς
648 1461 701 1503 εἴτε
716 1456 811 1509 benabab
833 1454 908 1515 ἕτερόν
929 1475 950 1502 τι
974 1461 1064 1514 φρονεῖν

102 1528 163 1588 παροί
179 1526 207 1575 τό
233 1527 330 1581 δόξαντα
352 1546 399 1582 σοι,
422 1532 513 1588 ἰσχυραῖς
536 1526 612 1574 οὕτω6
633 1529 669 1574 καί
687 1524 795 1585 desuadeas
818 1530 846 1588 τῇ
870 1529 964 1573 caducae
983 1525 1063 1585 γνσίσει

101 1602 273 1658 ἐνδιαμίνοντα.
759 1593 761 1597 ’

76 1748 173 1792 οσσοσῖκε
190 1742 265 1796 Deum,
281 1741 390 1784 eredentes
406 1746 534 1794 peccassent.
572 1741 612 1783 Sed
629 1741 703 1782 etalio
727 1741 816 1794 quodam
831 1741 851 1781 in
866 1741 913 1782 loeo
929 1741 966 1795 ait,
990 1741 1062 1783 volens

101 1815 191 1869 apertius
208 1813 237 1854 eis
254 1812 364 1854 ostendere
380 1824 461 1853 causam
478 1824 515 1853 eur
530 1818 633 1853 errarent:
646 1813 693 1852 ideo
710 1813 795 1863 errotis,
811 1813 925 1853 nescientes
939 1813 1062 1854 καταθεῖ-ῖ-

99 1891 217 1940 ptcrercm,
230 1888 317 1937 propter
332 1884 387 1937 qnod
400 1884 501 1936 apparetis
517 1888 537 1924 et
551 1884 645 1924 virtutem
661 1884 706 1924 Del.
744 1884 844 1933 Quocirca
861 1887 944 1938 oportet
959 1890 981 1926 ut
997 1885 1062 1926 omnis

101 1958 172 2010 bomo,
190 1954 224 2008 qui
239 1954 308 1996 salvus
325 1966 371 1995 esse
387 1953 499 2008 desiderat,
515 1953 549 1996 fiat
565 1953 743 2008 [quemadmodum
762 1954 812 1996 dixit
826 1953 930 2011 Magister}
949 1955 1015 2010 judex
1035 1954 1061 1994 li-

101 2029 185 2070 brorum
201 2024 226 2066 ad
241 2025 375 2066 tentationem
393 2026 521 2078 scriptorum.
552 2023 579 2064 lta
595 2024 647 2065 enim
665 2024 746 2066 loeutus
767 2030 806 2066 est:
826 2029 889 2066 estote
907 2024 967 2079 probi
987 2028 1061 2078 trope-

76 2098 175 2139 esacrae„
192 2094 247 2149 Opus
264 2099 331 2136 autem
348 2100 379 2136 est
392 2095 508 2150 trapezitis,
524 2095 571 2149 quia
587 2095 658 2148 probis
675 2094 788 2137 adulterina
804 2096 900 2149 permista
914 2100 967 2138 sunt.

152 2166 210 2208 XXI.
241 2165 276 2207 His
293 2178 303 2206 a
320 2165 379 2207 Petro
396 2165 465 2222 dietis,
485 2165 553 2208 Simon
569 2178 592 2208 se
608 2167 724 2220 perculsum
740 2180 837 2209 sunnone
859 2168 885 2212 de
901 2167 1009 2222 Scripturis
1031 2167 1060 2208 si-

101 2239 309 2288 mulans,tamqua1n
331 2237 427 2277 attonitus
448 2236 506 2278 dixit:
523 2237 574 2278 absit
596 2250 605 2278 a
629 2249 661 2278 me
677 2243 697 2279 et
713 2238 737 2278 ab
754 2238 823 2279 amicis
838 2238 898 2292 meis,
920 2242 967 2279 tuos
989 2237 1060 2279 audire

101 2319 214 2351 sermones
245 2305 270 2346 Et
286 2306 381 2358 quarndln
398 2306 479 2360 quidem
496 2307 611 2349 nesciebam
628 2312 647 2348 te
663 2308 700 2349 ista
720 2308 746 2349 de
761 2307 871 2361 Scripturis
887 2308 973 2362 sentire,
996 2309 1060 2350 susti-

101 2380 174 2420 nebam
190 2382 210 2418 et
228 2376 372 2433 colloquebar,
393 2390 447 2418 ησκσ
470 2384 537 2420 autem
559 2378 655 2421 abscedo.
694 2377 819 2432 Oportuerat
839 2390 889 2420 sane
910 2378 1008 2432 principio
1028 2392 1059 2419 me

75 2449 226 2501 antecessisse,
249 2447 345 2500 quoniam
361 2448 427 2489 audivi
442 2453 462 2488 te
478 2448 589 2490 dicentem:
613 2462 653 2503 ego
676 2454 748 2490 conlra
770 2448 838 2489 mundi
860 2447 991 2490 Conditorem
1012 2449 1060 2490 nibil

100 2520 184 2562 cuilibet
198 2517 292 2570 loquenti
308 2517 379 2572 eredo,
396 2530 434 2559 nec
450 2517 546 2573 Angelis,
568 2532 607 2560 nee
622 2519 740 2573 Prophetis,
763 2531 805 2561 non
821 2518 939 2576 Scriptnris,
961 2533 1003 2562 non
1025 2534 1059 2564 sa-

100 2590 230 2643 cerdotibus,
248 2599 289 2628 non
306 2587 435 2643 doctoribus,
452 2602 491 2631 non
508 2590 541 2631 ulli
557 2591 624 2645 alteri,
641 2590 734 2644 quamvis
754 2590 812 2643 signa
828 2591 873 2644 quis
895 2590 941 2632 edat
966 2597 986 2633 et
1008 2604 1059 2645 pro-

100 2664 164 2719 digia,
181 2658 275 2715 quamvis
291 2658 311 2698 in
327 2663 375 2700 aere
391 2660 497 2713 insigniter
512 2660 599 2716 fulgeat,
620 2661 652 2701 vel
667 2673 704 2714 per
720 2660 763 2708 visa
781 2665 815 2701 aut
830 2673 866 2715 per
881 2661 981 2704 insomnia
997 2675 1060 2703 reve-

99 2735 133 2775 let.
164 2732 214 2780 Quis
231 2740 283 2781 ergo
301 2733 321 2769 te
336 2735 404 2782 potest
420 2743 431 2771 a
447 2732 548 2772 sententia
563 2730 678 2786 deducere,
695 2742 733 2772 seu
747 2730 806 2772 'bene
822 2743 859 2773 seu
875 2733 937 2787 male,
960 2738 982 2774 ut
1006 2732 1058 2773 aliud

74 2804 147 2860 asquid
163 2789 245 2846 sentias
256 2804 340 2853 praeter
356 2812 407 2854 quae
423 2801 465 2843 vise
482 2807 529 2843 sunt
544 2802 587 2857 libi,
603 2802 638 2856 qui
654 2801 706 2843 adeo
724 2800 784 2842 enixe
800 2815 823 2844 ao
838 2803 921 2845 immoto
935 2804 955 2845 in
971 2808 1006 2845 tuo
1020 2802 1058 2857 ju-

100 2875 152 2916 dicio
169 2884 286 2928 permanes.
329 2897 330 2901 =

132 2985 148 3019 l.
179 2980 299 3019 abundabat
322 2977 343 3015 O.
392 2979 434 3016 Tum
455 2975 525 3021 είνεκιν
548 2981 567 3019 U.
594 2975 822 3021 constantinianae.

100 3041 154 3078 Mart.
173 3043 205 3088 12,
222 3043 255 3086 24,
272 3039 324 3075 Hom.
340 3037 361 3086 ll,
379 3038 411 3074 51.
427 3038 454 3087 Ill,
472 3043 503 3078 50.
624 3040 641 3075 5.
673 3032 737 3081 καλὸς·
753 3037 790 3080 εἴτε
807 3036 869 3084 κακὸς
886 3040 906 3077 0,

130 3103 148 3136 2·
179 3092 270 3148 ποιηθεὶς
286 3097 307 3134 O.
623 3100 642 3134 6.
673 3090 737 3139 οὕτως
753 3100 772 3139 G.
810 3100 891 3138 Subinde
913 3094 945 3138 καί
966 3102 1015 3147 (seq.
1031 3100 1059 3136 la-

131 3159 149 3193 3.
179 3152 204 3195 td
220 3156 254 3195 νῦν
270 3168 288 3204 p.
304 3153 337 3194 nbc
354 3154 375 3192 0.
593 3155 651 3202 elida)
667 3167 700 3192 cdl
714 3153 736 3204 τῇ
751 3171 768 3207 p,
784 3154 817 3198 καί
833 3153 930 3209 ἀκινήτως
947 3157 969 3208 τη
985 3158 1005 3197 O¹

131 3216 150 3250 l.
179 3228 272 3264 μεταπεις
288 3217 338 3262 (seq.
355 3213 430 3259 lacuna]
447 3227 493 3253 ατιιι
507 3226 525 3263 p.
536 3228 567 3265 με-
