2276 3612
108 233 154 287 rnx,
173 239 205 276 ιι.
223 240 258 279 15.
575 239 617 284 384

108 352 187 398 ελιλεῖν
204 351 313 410 πρότερον
329 354 517 409 παρακαλοῦντες
540 352 629 414 ἦξίονν,
652 354 680 407 οἷς
698 358 755 415 γιτγιλὲ
777 357 820 402 τοῦ
841 359 872 405 εἰς
893 358 981 416 χοίρους
1002 358 1073 402 εἰσελ-

109 428 161 467 θεῖν
176 422 231 469 ἄνευ
247 426 286 479 τῆς
303 418 375 468 odeat
391 422 545 484 σογγσριγοεοις
561 429 663 478 ἐξουσίαν
678 427 790 489 ε”γοντεςξΙ

166 494 207 536 XV.
238 494 285 537 Καὶ
303 488 314 536 6
331 493 419 549 Σίμων’
436 495 458 538 τί
474 495 496 540 dd
514 500 534 541 εἰ
550 495 637 557 α’ἶψνγος
653 495 709 545 οὖσα
727 494 795 556 φύσιν
811 502 854 556 ἔχει
870 494 968 552 ἐμφύειν
979 494 1070 541 πολιτικοὶ

109 565 145 607 καλ
162 562 190 608 τοὶ
205 560 298 618 α’γαθιλς
315 564 350 608 καὶ
367 561 378 607 6
396 565 490 621 Πέτρος·
512 563 568 611 need
585 566 626 612 τὸν
642 565 708 626 λόγον
724 569 807 613 τοῦτον
829 564 882 612 odes
903 566 981 626 οἷγαθὴ
1002 566 1070 617 ἐστιν,

83 644 92 675 5
111 632 161 679 odes
176 631 241 689 γονή,
262 630 296 678 ὅτι
313 629 346 692 μή
363 636 490 692 προαιρέσει
504 635 598 693 πράττει
615 638 704 699 ἄψυχος
720 634 776 684 οὖσα
797 641 832 685 ταὶ
852 635 1002 694 οἷναίσθιγτος.
1037 635 1071 681 ιλιό

110 706 145 749 καὶ
160 705 264 749 ἐνταῦθα
282 704 361 750 ιλιὶίλεῖν
382 710 455 759 ἔστιν,
476 707 522 757 πώς
543 706 631 769 deneges
655 705 711 756 οὗσο
732 709 851 769 ε”γιιγοχσςῖ
876 706 1012 766 προβάλλει,
1034 708 1070 751 nol

109 771 250 831 ἀναίσθητος
266 770 322 819 οὖσα
339 772 428 836 τεγνιτολ
444 772 561 837 σχήματα,
582 779 609 823 ed
630 798 654 824 τε
671 778 729 835 ζώων
748 780 782 823 καλ
804 782 879 834 poeula
901 779 1069 836 ιλιγγιιονργούσο

109 846 221 899 φαίνεται.
259 847 294 891 ool
315 846 326 891 ὁ
349 848 438 903 Σίμων·
463 848 485 890 τί
506 848 528 892 δὲ
546 851 566 893 εἰ
582 845 594 892 6
609 848 664 898 aede
680 848 749 899 αὐτὸς
764 849 904 909 ε’νεψύγωσεν
924 845 1008 904 αὐτήν,
1029 843 1070 892 ov'e

108 910 177 967 αὐτὸς
193 915 264 966 αἴτιός
280 921 342 962 ἐστιν
361 913 392 962 ὧν
408 913 467 973 oder}
482 918 551 964 piaret
568 922 655 977 nouom
676 922 711 965 καὶ
733 919 745 966 6
765 921 862 978 Πέτρος“
887 924 907 965 εἰ
929 917 940 964 6
959 918 1011 969 θεὸς
1028 914 1071 963 ον’-

83 982 148 1041 1οτνλν
164 986 290 1045 ε’νεψιλχωσε
306 984 363 1032 nond
379 984 420 1042 τήν
437 987 509 1032 odron]
524 988 645 1048 βοτλλογσιν,
666 990 691 1036 τὸ
713 992 785 1035 edred
805 992 899 1046 πνεύμο
916 986 990 1046 αὐτὴν
1005 986 1070 1047 ἐργολ-

108 1063 180 1112 ζεται,
197 1058 233 1100 καλ
250 1055 324 1103 οὐκέτι
340 1061 371 1117 τῷ
386 1060 431 1117 dep]
447 1056 530 1117 ἐχθρόν
545 1061 569 1105 τί
584 1066 644 1107 ἐστιν
660 1058 674 1117 r'j
690 1058 839 1117 iooddrnpror·
862 1057 876 1116 ἢ
892 1054 1019 1112 οἷιλιλνατον,
1035 1059 1069 1103 ὄτι

106 1127 153 1171 πᾶν
167 1124 193 1172 ed
209 1125 334 1185 γινόμεοον
355 1122 393 1172 ὑπ’
410 1124 496 1179 odron,
519 1124 547 1178 (λς
562 1130 637 1182 θέλει,
660 1131 754 1186 γίνεται.
791 1127 836 1174 dil’
858 1133 922 1185 ἐρεῖς·
946 1125 1015 1178 αὐτὸς
1030 1130 1071 1184 τῆς

106 1198 184 1247 κονίας
200 1200 283 1251 αἴτιος,
299 1200 362 1255 εἴπερ
379 1193 448 1247 αὐτὸς
464 1194 490 1241 dr’
506 1196 576 1255 αὐτῆς
593 1198 708 1256 ἐργάζεται
724 1199 752 1246 τοὶ
774 1197 838 1244 nond.
876 1210 929 1244 ποῖα
952 1197 994 1256 ἄρα
1014 1203 1070 1255 ἐρεῖς

106 1263 133 1312 eol
150 1266 219 1322 κοινοὶ,
235 1266 317 1324 ἑρπετοὶ
335 1264 435 1324 ἰσβόλα5
455 1268 501 1311 aut
514 1267 617 1325 βοτάνας
642 1271 799 1327 donorolptoee,
822 1266 972 1326 ἢιλοίμονοις,
995 1266 1009 1325 ἢ
1032 1270 1068 1313 καλ

82 1334 162 1383 redite
179 1333 230 1381 τινολ
246 1339 291 1383 τῶν
307 1332 438 1393 ἀνθρώποις
454 1334 528 1396 ὀχλεῖν
544 1339 688 1394 ιλονομένοινς
704 1337 761 1395 οἱπερ
777 1336 804 1383 τοὶ
819 1337 872 1395 [νύν
892 1335 1009 1399 χα]λεπολ”“
1029 1335 1069 1385 ov'u

106 1405 136 1453 dr
151 1402 192 1463 ἦν,
208 1411 228 1453 εἰ
242 1404 276 1464 μὴ
291 1405 416 1465 ἡμαρτήκοι
433 1406 445 1452 o‘
465 1404 599 1464 ἄνθρωπος,
620 1403 647 1454 οὗ
667 1413 752 1453 εἵνεκεν
778 1406 882 1458 θάνατος
904 1412 1068 1467 παρεισῆλθεν.

106 1475 284 1535 οἷναγιαρτὴτον5
312 1474 355 1535 γολρ
383 1475 449 1527 ὄντος
475 1480 517 1522 τού
539 1477 664 1535 οἲνθρώπον
684 1476 725 1539 οὐχ
747 1479 873 1534 ἑρπετώνὸ
894 1477 928 1529 tte
944 1479 1067 1536 εἰργάζετο,

106 1546 134 1595 ον’
149 1550 193 1594 τών
209 1550 282 1593 κακῶν
297 1550 404 1605 βοτανοιν
421 1551 445 1592 αἱ
460 1550 580 1605 ἐνέργειαι,
596 1544 625 1594 ον’
641 1547 756 1605 δαιμόνων
771 1544 870 1607 ὀχλήσεις
885 1550 1000 1607 ἐγίνοντο,
1018 1549 1068 1595 ov'dl·

106 1692 125 1731 in
142 1702 218 1743 porcos
234 1691 311 1731 intrare
328 1688 463 1744 surriperet,
487 1690 543 1743 prins
562 1691 672 1743 petendurn
695 1690 806 1745 putabant,
832 1690 906 1744 quippe
930 1691 965 1744 qni
988 1692 1067 1746 absque

81 1761 156 1802 aoillins
173 1772 276 1802 consensu
292 1772 317 1800 ne
333 1761 353 1801 in
370 1771 418 1802 sues
435 1760 516 1814 quidern
533 1761 662 1815 ingrediendi
678 1760 778 1802 haberent
794 1761 932 1813 potestatem?

161 1831 203 1872 XV.
234 1831 259 1873 Et
274 1829 352 1873 Simon:
369 1830 420 1879 outa
436 1843 487 1872 vero
495 1864 500 1885 ,
521 1832 538 1873 si
554 1832 619 1872 enirna
637 1831 719 1886 quidem
735 1831 793 1885 priva
808 1830 898 1872 indolem
919 1831 993 1874 lrabeat
1013 1833 1064 1875 rnela

105 1914 128 1942 ao
144 1902 198 1943 bona
214 1901 350 1955 ingignendil
373 1900 487 1955 Respondit
502 1901 584 1943 Petrus:
607 1901 649 1942 Hae
669 1901 748 1942 ratione
769 1913 837 1954 neque
859 1901 913 1943 bona
936 1907 976 1958 est,
997 1916 1066 1957 neque

104 1974 166 2027 inula,
181 1973 227 2027 qula
245 1973 324 2013 anirnae
341 1984 365 2012 ao
380 1985 453 2014 sensus
470 1984 545 2026 expers
560 1972 602 2026 agit
617 1973 661 2013 sine
678 1972 771 2014 oonsilio.
806 1972 874 2020 Quare
891 1978 912 2013 et
927 1972 967 2013 lroo
982 1973 1067 2028 intelligi

103 2049 181 2098 potest,
199 2042 304 2097 [pnornodo
321 2043 399 2083 anirnae
416 2055 490 2096 expers
506 2048 603 2096 procreet
618 2044 684 2083 anirna
701 2047 802 2095 tamquarn
818 2041 921 2098 praedira,
938 2048 958 2084 et
973 2044 1066 2097 quamvis

79 2118 166 2155 insensu
182 2126 255 2155 carens
272 2124 361 2166 corpora
378 2113 486 2155 artificiosa
503 2126 549 2154 curn
565 2114 680 2154 animalium
700 2117 742 2153 tunt
760 2111 873 2164 planterurn
896 2113 978 2165 operari
993 2113 1065 2155 videa-

104 2190 142 2226 tur,
172 2185 222 2225 Turn
238 2183 318 2226 Simon:
335 2182 387 2231 Quid
400 2195 463 2238 vero,
480 2183 496 2224 si
513 2183 569 2225 Deus
586 2183 671 2224 anirnarn
688 2182 707 2222 ei
722 2181 823 2236 indiderit,
840 2193 909 2223 nonne
925 2195 973 2224 reus
988 2183 1009 2224 fit
1020 2185 1064 2237 ipso

103 2256 191 2311 illorum,
208 2268 262 2310 quae
280 2254 317 2296 sibi
334 2254 398 2308 gignit
413 2253 527 2294 malorum?
558 2253 584 2295 Et
598 2253 680 2294 Petrus:
702 2251 722 2294 Si
739 2253 794 2294 Dens
815 2264 859 2292 earn
876 2252 970 2294 animavit
986 2266 1064 2295 seeun-

104 2328 151 2369 dnrn
167 2338 223 2370 suern
240 2324 376 2379 voluntatem,
398 2324 442 2377 ejus
458 2323 539 2377 spiritus
561 2336 604 2364 earn
629 2327 737 2377 operatur,
760 2334 828 2375 neque
844 2321 888 2363 Deo
909 2323 988 2365 inirniea
1009 2324 1063 2365 ultro

104 2401 193 2441 existere
209 2400 287 2451 potest,
303 2406 370 2448 neque
387 2406 452 2448 aequa
468 2394 546 2449 pollere
562 2395 664 2447 potentia3
682 2398 716 2435 aut
731 2392 775 2433 fieri
791 2392 867 2446 nequit,
884 2398 905 2434 ut
917 2394 1063 2448 quodeunque

77 2475 140 2525 ³0per
157 2481 202 2511 eurn
218 2467 261 2522 fiat,
278 2465 390 2507 secundun
406 2467 449 2521 ejus
465 2466 562 2521 gignatur
582 2466 714 2507 voluntatem.
745 2462 772 2504 At
788 2463 852 2506 dices:
871 2463 917 2518 lpse
940 2470 969 2506 est
992 2470 1063 2507 auctor

102 2541 158 2593 rnali,
174 2541 190 2582 si
207 2551 244 2592 per
262 2549 305 2578 earn
323 2541 420 2589 operetur
436 2536 493 2577 rnala.
524 2535 561 2578 Ast
577 2536 643 2589 qualia
660 2536 755 2589 intelligis
771 2534 837 2575 mala?
872 2534 956 2589 Reptilia
979 2548 1061 2578 veneno

102 2612 188 2666 inlecta,
205 2615 225 2650 et
239 2608 318 2661 plantas
334 2607 433 2663 letiferas,
457 2607 489 2648 vel
512 2607 634 2662 daemones,
660 2606 694 2647 vel
717 2606 777 2646 etiarn
798 2605 844 2659 alia,
868 2618 921 2658 quae
946 2605 1061 2648 lrorninilrns

102 2695 179 2724 nocere
196 2677 289 2733 queant?
320 2676 375 2725 Quae
393 2678 473 2730 quiden]
491 2676 591 2731 ejusmodi
607 2676 658 2716 rnale
679 2687 721 2716 non
737 2679 816 2729 essent,
840 2675 855 2715 si
872 2675 934 2717 horno
951 2688 992 2718 non
1008 2688 1061 2730 peo-

102 2754 197 2805 cavisset,
214 2748 269 2790 unde
286 2758 340 2789 rnors
357 2749 479 2801 supervenit.
509 2746 559 2787 Narn
576 2758 622 2787 ourn
638 2747 699 2787 homo
716 2745 794 2798 peceati
810 2756 884 2798 expers
897 2746 1003 2801 existebat,
1020 2759 1060 2786 ve-

77 2827 177 2863 ³5nennrn
196 2819 298 2873 reptiliunr
319 2829 361 2858 non
382 2820 515 2872 operabatur,
540 2830 607 2870 neque
629 2820 748 2860 nocivarum
771 2816 884 2868 plantarunt
903 2818 969 2870 vires,
992 2829 1060 2870 neque

102 2892 214 2934 daemones
231 2888 316 2943 injurias
332 2887 457 2945 inferebant,
473 2900 542 2941 neque
558 2887 611 2928 aliud
632 2888 706 2928 malurn
722 2890 793 2927 natura
810 2888 828 2928 ei
848 2887 929 2929 insiturn
945 2892 1000 2939 erat5
1020 2900 1059 2927 ve-

132 3003 149 3038 t.
181 2999 217 3036 Gir.
232 2997 294 3034 lllatth.
312 2996 330 3044 Β,
347 2997 381 3033 et.
623 2997 642 3033 4,
673 2994 762 3031 Lacunam
779 2992 852 3031 Codicis
874 2993 966 3042 excipiunt
986 2994 1059 3032 litterae

132 3062 150 3095 2.
180 3058 224 3095 Post
239 3052 359 3108 ἕρψνχσςθ
383 3052 449 3100 repetit
464 3045 514 3091 odeo
535 3064 569 3091 ex·
594 3046 655 3091 λειτόν
671 3052 725 3100 (εἰσ).

103 3121 192 3163 punctum,
622 3113 640 3148 5.
671 3111 705 3147 Pro
721 3105 940 3161 ιλιαμαρτήτονλοοοατ
956 3109 1008 3160 ιάΟ,
1025 3111 1057 3149 sed

134 3175 151 3210 3.
182 3175 302 3211 Ooornrnate
325 3167 420 3217 distinguit
435 3174 476 3216 post
493 3164 566 3221 ἑρπετὰ
591 3169 615 3208 ad
631 3180 682 3207 orarn
698 3181 743 3207 που.
759 3179 797 3206 reo.
814 3163 861 3211 ἴσως
876 3163 1024 3220 ἀνιεμαρτιγτον.

104 3235 122 3269 et
138 3226 214 3282 ἰοβόλα.
