2276 3612
545 225 587 269 357
911 229 973 278 xuni,
989 232 1007 269 5.
1026 235 1043 270 c.

79 343 153 401 ρητοις
169 344 249 400 λὲγεις,
272 342 318 388 ἀλλ’
334 343 360 390 ὃν
378 338 406 389 od
420 340 532 388 πιστεύων
552 339 592 403 οὐχ
609 341 739 402 ὁ,ιιολοχεῖς;
762 340 818 388 ἀλλα
839 339 883 399 χάρ
903 337 953 386 ἀντ’
969 341 1042 389 ἀλλον

77 411 157 470 ὁρίζων
168 414 277 470 φλυαρεῖς.
308 410 341 458 dui
357 410 397 459 e'oiv
413 410 557 472 ιλιαμαρτιίρη
573 413 615 465 ὅτι,
630 411 644 458 ἀ
660 416 740 467 λαλεῑς,
756 415 829 459 ταῦτα
846 410 967 468 πιστεύεις,
983 410 1041 458 ἀπο·

77 483 185 542 κρίνομαί
201 501 242 529 σοι.
273 488 292 529 εἰ
308 485 331 529 ἀὲ
347 491 440 543 ἕστηκας
458 486 555 540 σοζητοῐν
571 486 622 541 ἐμοὶ
639 482 653 529 ἀ
668 482 701 541 μη
717 485 839 537 πιστεύεις,
854 481 912 529 αατά
929 486 996 530 κενοί]
1011 503 1041 540 με

77 555 154 599 παίειν
171 550 311 613 ἀναχκάζεις.
342 556 378 598 καί
394 552 405 599 ὁ
422 554 501 610 Σίμων
516 560 569 611 ἔφη·
587 553 649 612 παρα
665 571 729 602 τινος
744 556 787 599 τών
799 557 842 601 σῶν
851 555 966 612 μαθητῶν
982 550 1040 612 ἀκη-

75 641 129 676 κοα,
149 624 232 678 [cocco
247 622 318 674 οὕτως
334 621 493 679 ὁρισθῆναι]1
514 626 550 670 καὶ
573 622 585 669 ὁ
609 627 695 681 Πέτρος
717 628 770 680 ἔφη’
795 625 828 681 μη
850 622 1037 682 ηιεοάομαρτορει,
1056 639 1065 671 s

75 694 111 738 καὶ
129 692 140 738 ὁ
157 696 234 751 Σίμων
250 699 301 751 ἔφη·
317 694 351 751 μη
365 713 394 750 με
410 692 517 751 λοαλόρει,
533 697 708 751 προπετέστατε.
746 695 782 738 καὶ
805 690 816 738 ὁ
840 696 936 752 Πέτρος·
959 696 1039 756 μέχρις

75 762 104 809 ἀν
120 766 174 824 einp
188 761 230 809 τὸν
244 764 350 818 εἰπόντα,
365 762 468 821 ψεύστης
483 766 508 809 εἶ.
542 766 577 809 καὶ
593 762 604 809 ὁ
620 766 711 821 Σίμων·
736 760 816 821 νόμιζε
831 768 871 819 ε’μέ
886 766 959 810 ταντα
977 765 1038 813 πλοί-

7 895 9 900 ,
76 856 112 883 σαι
128 833 142 892 ἢ
158 837 195 880 καὶ
211 834 272 892 παρά
287 835 356 882 ἀλλον
371 837 417 894 με2
441 837 574 894 ἀκηκοέναι·
598 831 653 892 πρὸς
674 834 746 879 ταῦτα
769 851 810 889 μοι
831 829 959 891 ἀπόκριναι.
996 837 1037 882 ἐάν

72 904 116 965 χάρ
131 905 289 964 ἀνατραπῆναι
304 906 338 966 μη
352 908 455 966 ἀονηθη,
475 911 569 962 ἔμαθον
584 908 652 949 τούτο
667 906 727 950 εἶναι
747 900 790 958 την
814 900 934 960 ἀληθειαν.
971 908 1007 952 καὶ
1025 908 1036 952 ὁ

73 978 171 1035 Πέτρος·
187 979 207 1021 εἰ
223 972 371 1032 ολνθραίπινάν
386 981 433 1023 ἔστι
451 975 563 1033 etiope,
587 974 627 1021 οὐκ
650 972 804 1031 ἀποκρίνηται
829 977 861 1024 εἰς
883 969 949 1019 oded·
973 978 993 1020 εἰ
1013 979 1062 1022 dito

71 1044 171 1106 ἀπονοία
186 1046 255 1091 αὐτοί
272 1047 405 1105 κεκράτηται
420 1044 448 1097 ἀς
463 1044 579 1103 ἀληθοιλς,
601 1045 669 1090 τούτο
686 1040 744 1089 αὐτὸ
760 1062 801 1098 μοι
817 1040 972 1101 ὁμολόγησον,
998 1050 1034 1092 καὶ

5 1151 7 1170 ;
72 1123 113 1179 ἔχοι
129 1137 150 1164 τι
166 1119 200 1163 καλ
217 1114 285 1169 αὐτὸς
298 1121 346 1175 περὶ
362 1118 445 1163 τούτου
461 1119 540 1176 λέγειν.
571 1118 607 1162 καί
621 1112 633 1161 ἆ
645 1116 734 1172 Σίμαν·
752 1112 814 1166 ἅπαξ
826 1132 866 1170 μοι
875 1113 952 1159 donst5
966 1117 1035 1163 τοῦτο

6 1187 7 1231 s
71 1187 144 1240 οὕτως
159 1191 229 1250 ἔχειν.Ι
255 1183 282 1234 od
297 1184 352 1247 πρὸς
367 1191 441 1234 ταντα
457 1192 477 1233 εἰ
492 1193 550 1249 ἔχεις
565 1207 587 1234 τι
601 1189 686 1245 λέχειν,
702 1182 832 1242 ἀπόκριναι,

128 1260 159 1303 Vt
190 1260 237 1303 Καὶ
254 1253 266 1301 ot
281 1259 369 1317 Πέτρος
385 1263 438 1314 ἔφη·
460 1262 481 1302 εἰ
499 1260 568 1304 τούτο
589 1255 660 1305 οὕτως
676 1260 719 1315 ἔχει
727 1256 745 1308 4,
768 1254 796 1301 τά
817 1256 915 1312 μέγιστα
938 1255 1032 1313 ἀσεβεῖς.

70 1329 199 1388 εἰχάροὶοιλ
214 1329 266 1379 ἐστί,
281 1329 323 1374 τοι]
338 1325 436 1386 edocete
452 1330 488 1374 καὶ
503 1329 547 1385 νην
564 1325 768 1384 διακοσμηοαντος,
784 1322 809 1371 τὸ
824 1326 839 1384 pi
855 1324 964 1383 βούλεται
973 1326 1058 1372 ἀπο-15

70 1397 211 1445 καλύπτειν5
227 1395 266 1442 τὸν
281 1402 305 1443 ἔν
320 1395 456 1455 ἀπορρήτοις
472 1395 544 1444 αὐτού
560 1399 658 1454 πατέρα,
678 1393 706 1441 ori
723 1397 833 1453 μέγιστα,
848 1393 877 1447 ἀς
893 1400 963 1453 ἔφην,
979 1394 1031 1443 ἀσε-

68 1473 115 1525 βεῖς
129 1467 294 1514 ἀποκαλύπτων
311 1468 344 1517 οἷς
360 1472 442 1516 ἐκεῖνος
457 1466 496 1514 οὐκ
513 1464 667 1521 inaudivisse.
699 1468 736 1511 καὶ
751 1463 763 1510 ὅ
780 1467 868 1522 Σίμων·
889 1461 945 1509 ἀλλά
963 1463 1032 1516 αὐτός

2 1545 5 1586 s
67 1557 97 1596 με
112 1535 221 1596 βούλεται
237 1536 417 1582 ἀποκαλύπτειν.
448 1538 485 1582 καλ
501 1533 513 1581 ὁ
529 1538 623 1593 Πέτρος·
641 1534 667 1581 od
683 1533 765 1585 νοεῖςά
780 1535 946 1593 λέχα,Σι’μαν.
972 1534 1032 1594 πλην

67 1679 185 1722 confiteris?
208 1678 253 1720 Alia
269 1679 322 1720 enirn
338 1691 377 1732 pro
394 1678 437 1719 aliis
453 1678 568 1721 decernens
585 1691 651 1734 nugas
668 1680 719 1734 agis.
751 1678 852 1727 Quocirca
869 1678 886 1720 si
901 1680 1030 1735 contestaris,

67 1764 78 1792 a
94 1756 115 1792 te
131 1750 188 1792 credi
203 1762 256 1804 qnae
270 1750 360 1804 loqueris
366 1782 371 1804 ,
387 1750 422 1790 tibi
437 1750 577 1804 respondebo.
609 1750 643 1792 Sin
658 1763 710 1791 vero
722 1762 847 1803 perseveras
858 1749 973 1802 disceptare
982 1764 1056 1796 ine-co

66 1835 112 1864 curn
129 1823 154 1864 de
170 1822 193 1863 iis
209 1833 261 1874 qnae
276 1832 318 1861 non
334 1819 412 1874 credis,
428 1831 466 1872 per
481 1820 541 1861 inane
556 1833 589 1861 rne
605 1822 663 1876 cogis
679 1826 798 1875 percutere.
828 1820 862 1875 Et,
878 1819 948 1861 Simon
968 1820 1030 1862 dixit:

66 1907 77 1934 a
95 1893 184 1947 quodam
198 1903 225 1933 ex
240 1890 342 1944 discipulis
358 1891 398 1931 tuis
415 1891 489 1945 audivi>
505 1890 566 1941 [haec
581 1892 608 1933 ita
625 1904 671 1934 esse
688 1890 813 1946 constituta]
844 1891 929 1944 Excepit
944 1891 1029 1934 Petrus:

66 1977 93 2005 ne
109 1964 181 2005 falsum
197 1963 284 2004 testeris.
315 1961 429 2015 Respondit
445 1961 527 2003 Sirnon:
543 1974 569 2002 ne
585 1961 633 2004 nrihi
649 1964 764 2004 convicium
780 1963 850 2018 facias,
866 1964 1026 2016 protervissime.

65 2035 115 2076 Turn
130 2035 212 2076 Petrus:
229 2045 294 2087 usqne
310 2045 351 2087 qno
367 2032 477 2085 protuleris
494 2045 540 2074 eum
556 2034 591 2087 qui
606 2033 663 2090 dixit,
678 2034 768 2075 mendax
784 2047 813 2076 es.
844 2032 871 2074 At
886 2032 966 2075 Simon:
981 2034 1026 2076 Ex-¹

64 2107 130 2147 istinra
144 2118 176 2146 ine
193 2104 244 2145 hacc
264 2103 347 2145 diruisse
367 2104 400 2144 vel
416 2103 441 2144 ab
458 2104 497 2144 aiio
514 2104 612 2159 audiisse,
635 2105 660 2146 ad
682 2118 707 2146 ea
729 2105 834 2158 responde
850 2103 903 2144 nrihi.
937 2102 988 2145 Narn
1010 2106 1052 2147 sias

64 2177 129 2217 everti
145 2187 185 2216 non
201 2175 314 2230 potuerint,
330 2175 468 2227 compererim
484 2186 531 2216 csse
546 2176 658 2216 veritatem.
693 2175 719 2216 Et
734 2174 815 2217 Petrus:
839 2177 855 2218 si
871 2180 902 2216 est
917 2173 1027 2216 hnnranurn

63 2246 193 2301 figmentum,
213 2257 254 2287 non
270 2245 390 2299 respondeo
407 2244 432 2284 ad
449 2245 509 2285 iliud:
532 2246 563 2287 sin
579 2251 646 2287 autern
662 2246 749 2301 hujusce
765 2247 796 2287 rei
813 2246 907 2299 opinione
923 2250 1025 2299 taniqunrn

0 2357 1 2360 ,
62 2329 127 2358 εοεαε
143 2316 250 2369 detineris,
265 2316 284 2356 id
298 2317 363 2369 ipsurn
379 2314 427 2355 inihi
444 2314 554 2370 confitere,
579 2321 599 2356 et
614 2315 681 2358 habeo
704 2328 745 2370 ego
766 2329 851 2371 quoque
873 2316 946 2370 aliquid
969 2316 1025 2370 quod

63 2387 89 2429 de
106 2400 131 2430 eo
147 2387 217 2428 dican.
248 2385 328 2428 Sinon:
351 2398 438 2440 prorsus
455 2385 544 2427 arbitror
566 2386 606 2427 hoc
621 2388 649 2428 ita
664 2387 748 2430 trabere.
789 2388 819 2428 Tu
843 2389 860 2430 si
880 2387 927 2442 quid
947 2388 972 2429 ad
992 2388 1024 2429 iila

62 2459 126 2501 habes
141 2458 221 2512 dicere,
238 2457 350 2511 responde,
1029 2466 1049 2497 30

120 2528 152 2570 Vi.
183 2528 207 2568 Et
224 2527 295 2568 Petrus
312 2528 349 2568 ait:
365 2527 382 2569 si
397 2526 438 2567 hoc
453 2528 480 2568 ita
496 2527 563 2582 habet,
579 2528 667 2568 nraxirne
682 2528 756 2580 irnpius
773 2541 801 2571 cs.
831 2528 881 2569 Nam
892 2529 908 2572 si
918 2529 942 2570 ad
956 2530 1022 2586 fiiirnn,

61 2600 220 2648 coclitetterrae
236 2600 398 2653 constitutorem,
414 2605 492 2652 spectat
507 2599 609 2649 revelare,
625 2599 657 2639 cui
672 2598 721 2654 vuit,
737 2600 801 2652 ipsius
811 2599 890 2641 Patrem
899 2601 920 2640 in
932 2600 1022 2643 obscon-

62 2670 107 2712 ditis
122 2670 220 2723 positum,
236 2672 268 2721 tu,
284 2670 337 2711 sicut
353 2670 405 2725 dixi,
423 2671 510 2711 inarime
526 2683 548 2712 cs
558 2661 645 2724 'inpius
662 2670 696 2723 qui
712 2670 794 2712 revelas
811 2671 883 2725 quibus
900 2671 1021 2726 illoneque-

61 2753 123 2794 quarn
137 2738 243 2781 revelavit.
273 2738 304 2779 Ac
320 2739 399 2782 Simon:
415 2740 452 2781 scd
467 2741 500 2781 ilie
516 2740 559 2782 vuit
575 2745 597 2781 ut
611 2740 708 2782 revelem.
745 2739 814 2796 Atque
830 2742 910 2785 Petrus:
930 2754 971 2784 non
985 2744 1019 2783 in-

92 2887 109 2922 1.
139 2881 268 2931 Vnupctzc
284 2877 484 2933 οίίιαςὸρισθῆναι.]
500 2883 528 2934 in·
554 2882 602 2931 quod
619 2894 647 2930 ap>
664 2882 676 2919 S
693 2881 793 2921 exciderat.
824 2885 894 2922 Deinde
909 2880 926 2922 εἰ
939 2880 988 2935 ἔχεις
997 2883 1018 2931 Ο,

62 2955 119 2981 cunae
133 2943 224 2992 inscripsi
240 2954 286 2991 quae
301 2942 318 2979 in
334 2942 367 2979 us.
378 2942 528 2980 occultion—
554 2939 597 2994 ἔχης
612 2941 636 2988 C,
651 2937 670 2979 εἰ
684 2938 729 2994 ἔχης
745 2944 792 2991 conj.
809 2944 828 2981 S.

61 3002 124 3041 currit
581 3004 599 3038 4,
630 2996 664 3050 ἕλη
678 3001 698 3038 G.

90 3066 109 3099 2.
139 3075 163 3112 με
179 3060 250 3109 adjunxi
266 3071 281 3099 c,
298 3059 319 3097 0.
353 3059 424 3097 Deinde
442 3055 528 3111 ἀνατρα-
582 3061 600 3096 5.
629 3059 1017 3108 ExplcnavithunclocnnrcontrcSchlie-

61 3119 123 3170 πησαι
139 3121 159 3158 Gl
175 3126 193 3158 et
208 3122 226 3158 S,
551 3129 633 3156 rnannnrn
641 3119 716 3159 Bnurius
725 3121 789 3159 AnnaI.
799 3121 861 3159 Theoi.
869 3122 946 3172 Tubing.
954 3127 1015 3178 tert,

91 3182 110 3218 3.
140 3181 183 3217 Post
197 3179 252 3218 δοκεῖ
265 3178 283 3216 in
299 3177 313 3215 0
330 3180 358 3214 est
372 3174 422 3216 εἶναι
439 3179 525 3216 subnota—
549 3189 567 3226 p.
584 3179 631 3216 552.
648 3180 667 3218 S.

61 3242 104 3278 turn.
136 3240 180 3277 Curn
203 3239 269 3276 eodern
287 3235 343 3275 textui
363 3236 435 3274 reddidi
455 3232 525 3283 οὕτως,
