2276 3612
122 210 142 260 ll,
158 213 251 251 art-ae.
588 210 615 253 62

123 343 168 373 πον
184 323 301 372 δυ’ναοθαι
316 325 420 380 ποιῆσαι,
433 323 474 376 τός
489 323 575 383 τραπεὶς
590 323 695 374 όναλόαν
717 324 787 389 πόλιν
803 323 966 373 ἀποδεδωκέναι
977 327 1036 384 ἔλεγε
1048 327 1078 385 κῆ

123 392 179 452 ολὲρι.
209 397 245 442 καλ
259 395 331 441 coeco
347 395 391 447 μὲν
406 391 483 446 ἄλλοις
497 397 567 452 λέγων
580 398 725 450 ἐπιστεύετο,
745 395 783 456 ὑφ’
803 395 868 454 ἡμῶν
890 399 913 442 θλ
928 399 973 442 τῶν
991 399 1026 441 ἐπὶ
1041 413 1078 439 τε·

125 466 178 527 λετῆ
193 459 357 522 συμπαρόντων
373 458 470 521 εὐσεβῶς
484 460 609 519 ῆπιστεῖτο.
630 463 673 512 ,did
688 461 794 523 οἷσεβείας
809 464 960 525 καταγνόντες
979 464 1079 521 ιλπόσκῆ-

124 553 169 594 μεν
186 531 256 581 αὐτοῦ
267 534 281 574 ¹·

100 621 111 653 5
183 602 258 648 XXVII.
292 602 372 647 Ταυτα
395 598 537 648 τουἈκύλα
558 604 663 653 εἰπόντος
681 598 693 648 ό
708 599 804 660 οἲιλελφός
819 601 892 649 αὐτοῦ
907 600 1078 660 Νικῆτῆςὲφῆ·

125 670 261 730 Ἀναγκαῑόν
275 674 350 724 ἐστιν,
373 667 453 727 oidelae
474 668 541 729 ῆμῆν
560 673 671 731 Κλῆμῆς,
691 672 719 718 od
741 673 929 730 παραλειφθέντα
948 673 978 730 τῷ
993 668 1080 730 Ἀκόλςι

125 748 164 801 ἐμὲ
178 740 323 798 ὑπομνῆσαι.
361 742 451 796 πρώτον
469 745 514 798 μὲν
534 743 577 801 γαρ
596 745 683 802 μαλρτυς
702 743 714 789 ό
736 743 792 796 Θεός
811 744 842 795 οἷς
858 742 921 791 eldea
940 743 998 803 αυτῷ
1016 740 1080 801 ῆμεῖς

126 808 324 870 σννειργασιόμεθα
345 806 438 868 ἀσεβές,
458 807 506 859 αλλ’
526 813 561 859 ότι
581 813 653 861 αὐτου
672 813 815 872 πράσσοντος
838 812 1020 872 ἱστορῆσαμενῖ·
1044 813 1080 857 καὶ

125 884 202 943 μέχρις
217 879 254 926 ὅτε
269 877 363 938 ἀβλαβῆ
380 882 452 925 ποιιόν
468 883 623 935 ἐπεδείκνυτο,
638 885 674 928 καὶ
691 884 848 940 ε’κερπόμεθα,
863 885 899 930 ὅτε
915 884 938 928 de
952 881 981 927 τό
997 883 1080 939 μαγελα

100 970 119 1003 lo
124 951 235 1011 γινόμενα
251 949 372 1008 perdomat
388 961 462 996 ποιεῖν
478 954 533 1010 πρός
546 948 639 1010 οἷποὲτῆν
655 956 772 1010 θεοσεβολν
787 946 874 1010 ἔλεγεν,
895 950 986 999 οὐκέτι4
1006 951 1080 996 adeor}

124 1019 272 1082 ἠνεσχόμεθα
287 1022 360 1066 καίτοι
375 1018 448 1066 πολλοὶ
463 1023 659 1079 ἐπαγγελλομένου
673 1022 738 1079 ῆμῖν,
751 1026 843 1080 πρώτον
858 1027 902 1078 μὲν
916 1019 973 1066 ναόν
988 1021 1025 1064 καλ
1037 1018 1078 1064 do-

125 1087 311 1150 ιλριόνταςῆμοῖν
326 1090 558 1148 κακασκευασθῆναι5
581 1093 617 1137 καλ
633 1089 704 1142 θεοιλς
726 1095 868 1149 νομισθῆναι
889 1094 924 1138 καὶ
942 1086 988 1137 aad
1009 1087 1080 1148 όχλυν

126 1163 316 1219 προσκυνηθῆναι
332 1162 367 1206 καὶ
382 1157 431 1222 ιλπό
443 1161 555 1219 βασιλέοιν
570 1161 709 1218 θοξοοθῆναι
722 1163 759 1207 καὶ
771 1163 883 1219 (λῆμοσλιον
892 1163 964 1218 τιμών
974 1162 1081 1211 καταξιω-

125 1234 198 1288 θῆναι
214 1233 250 1275 καὶ
265 1229 380 1290 χρῆμασιν
394 1227 559 1287 υἷπεριορίσκοις
576 1231 708 1287 πλουτῆσαι.

102 1316 121 1351 15
183 1300 269 1345 XXVlll.
303 1298 382 1343 Tacta
402 1316 427 1343 τε
450 1300 487 1344 καὶ
507 1298 534 1343 ταὶ
557 1296 649 1351 τούτοις
667 1298 777 1357 μείζονα6
791 1298 934 1356 νομιζόμενα
952 1294 1008 1355 ῆμῑν
1022 1293 1081 1343 afrod-

127 1370 218 1431 opeo07,
232 1368 306 1427 μόνον
322 1373 360 1412 ἵνα
377 1367 483 1420 συνόντες
499 1367 559 1427 αὐτῷ
575 1366 599 1414 τό
616 1371 655 1425 τῆς
670 1365 810 1429 ε’γγειρῆσεας
824 1365 893 1414 κακόν
902 1368 1028 1424 σιωπῶμεν,
1042 1370 1080 1410 ἵνα

128 1439 187 1500 αὐτῷ
202 1438 230 1486 τό
246 1440 286 1496 τῆς
302 1435 391 1494 οἷπιλτῆς
405 1436 534 1499 προκόπτῆ,
551 1441 586 1485 καλ
601 1436 662 1497 ὅμως
677 1435 704 1484 οὐ
721 1441 874 1495 συνεθέμεθα,
889 1435 945 1485 allel
961 1439 998 1483 καλ
1010 1433 1081 1483 adedo

129 1584 150 1624 in
165 1572 248 1623 modurn
263 1579 301 1623 sibi
316 1578 454 1633 persuadens,
469 1579 560 1632 potuisse
576 1593 587 1622 a
603 1593 626 1624 se
642 1582 708 1623 creari
723 1593 799 1624 novum
815 1579 928 1632 hominem,
949 1578 975 1618 ait
989 1588 1012 1618 se
1028 1588 1081 1630 eurn,

130 1651 227 1694 resolutis
242 1649 422 1703 conversionibus,
438 1660 518 1691 rursum
534 1650 576 1691 aeri
591 1650 710 1693 reddidisse.
741 1651 798 1699 Quae
814 1663 860 1691 curn
875 1649 918 1690 aliis
933 1648 1017 1702 diceret,
1031 1658 1081 1686 ore-

106 1721 227 1772 andelaum
253 1720 339 1762 anobis
358 1731 421 1773 vero,
442 1720 477 1773 qui
499 1719 628 1763 adlueramus
645 1722 689 1775 ejus
703 1721 815 1776 mysteriis,
839 1721 872 1773 pie
891 1730 933 1760 non
954 1716 1082 1770 credebatur.

131 1790 259 1843 Quapropter
274 1789 366 1830 damnata
383 1788 486 1841 impietate
500 1790 637 1833 abscessimus
652 1791 677 1832 ab
693 1802 726 1832 eo.

187 1858 263 1901 XXVII.
292 1859 347 1900 llaec
368 1870 414 1899 curn
435 1857 508 1912 Aquila
523 1859 617 1915 dixisset,
638 1860 702 1903 frater
727 1862 771 1916 ejus
785 1860 867 1902 Nicetes
886 1858 921 1900 ait:
942 1868 1029 1899 necesse
1045 1861 1081 1910 est,

129 1930 193 1972 irater
209 1934 280 1971 noster
300 1929 404 1984 Clemens,
428 1941 452 1970 ea
473 1941 506 1978 me
528 1941 701 1985 commemorare,
724 1942 777 1984 qnae
799 1930 823 1971 ab
843 1928 916 1983 Aquila
937 1926 1082 1981 praetermissa

130 2006 182 2045 sunt.
213 2000 280 2043 Primo
297 2000 392 2054 equidem
406 1998 462 2041 Deus
477 2001 534 2042 lestis
549 2006 590 2056 est,
606 2013 645 2043 nos
659 2002 680 2041 in
694 2001 749 2043 nullo
765 2012 829 2053 opere
838 1999 898 2052 impio
914 2011 960 2040 eum
974 1996 1082 2051 adjuvisse,

106 2070 179 2125 aosed,
195 2070 229 2111 illo
244 2070 333 2111 faciente
348 2074 425 2111 tantum
447 2076 558 2123 spectasse.
594 2072 620 2113 Et
642 2073 737 2126 quamdiu
757 2083 820 2124 opera
841 2071 923 2111 innoxia
940 2069 1022 2123 edebat,
1043 2068 1082 2109 de-

130 2142 257 2185 lectabamur
272 2150 330 2181 sane:
350 2139 432 2192 quando
452 2145 519 2182 autern
535 2154 588 2196 quae
601 2155 639 2196 per
653 2142 739 2197 magiam
756 2142 841 2194 fiebant,
860 2152 897 2193 per
916 2138 1039 2180 divinitatem
1060 2150 1083 2180 se

131 2213 212 2265 lacere,
228 2208 252 2250 ad
268 2209 313 2261 pios
329 2207 421 2251 homines
436 2209 567 2264 decipiendos
580 2211 634 2267 dixit,
649 2211 783 2265 norramplius
796 2209 906 2263 compassi
918 2220 993 2263 sumus,
1009 2220 1082 2261 quam-

132 2283 163 2325 vis
178 2279 240 2321 multa
255 2278 314 2320 nobis
328 2279 465 2331 promitteret:
486 2281 572 2334 primurn
588 2281 669 2335 quidem
684 2282 730 2324 fore
745 2288 768 2324 ut
786 2280 881 2334 ternplum
895 2278 954 2320 nobis
970 2284 990 2320 el
1005 2283 1083 2322 statuae

134 2352 273 2405 erigerentur,
296 2353 360 2401 utque
374 2348 406 2391 Dii
427 2349 596 2405 existimaremur,
620 2356 640 2392 el
660 2352 766 2405 apopulis
782 2352 909 2406 colerentur,
930 2355 950 2392 et
968 2363 979 2391 a
999 2350 1083 2404 regibus

108 2419 316 2475 sumagnificaremur,
332 2423 394 2473 atquc
409 2419 533 2462 donaremur
547 2421 633 2475 publicis
647 2421 767 2478 honoribus,
783 2434 822 2464 uec
836 2433 879 2463 non
893 2421 968 2463 infinita
984 2421 1003 2463 vi
1016 2431 1083 2474 pecu-

134 2494 182 2536 niae
197 2491 349 2532 ditesceremus.
364 2505 367 2512 ·

192 2559 277 2602 XXVlll.
306 2559 371 2616 Haec,
386 2561 459 2602 etalio
474 2574 528 2615 quae
542 2567 637 2614 putantur
652 2563 740 2617 majora,
755 2563 815 2605 nobis
829 2561 974 2616 pollicebatur,
989 2560 1051 2601 modo
1062 2565 1084 2600 ut

135 2645 181 2677 curn
195 2643 221 2673 eo
236 2629 328 2672 viventes
349 2643 434 2684 pravum
454 2632 498 2686 ejus
512 2631 608 2672 molimen
627 2637 752 2687 taceremus,
774 2645 815 2687 quo
840 2634 895 2676 frans
916 2633 935 2675 ei
956 2630 1083 2674 succederet.

135 2706 230 2747 Attamen
246 2699 325 2742 assensi
338 2712 380 2741 non
395 2712 474 2744 sumus:
489 2701 609 2756 quinimmo
625 2701 730 2744 consilium
746 2701 843 2755 dedimus,
858 2710 880 2746 ul
895 2704 919 2745 ab
934 2703 972 2745 isla
988 2698 1084 2742 vecordia

168 2826 186 2862 1¹.
215 2816 326 2869 ἀπέστημεν
340 2813 374 2858 ἀπ’
391 2815 452 2859 αὐτοῦ
468 2820 487 2858 G.
654 2824 672 2858 6.
701 2816 781 2870 μείζονα
801 2821 850 2859 addit
869 2822 916 2871 Epit.
938 2833 954 2857 c.
971 2821 1008 2866 29,
1031 2829 1083 2866 quam

169 2886 188 2919 2.
219 2873 350 2930 ἱστορήκαμεν
372 2878 391 2914 C.
429 2879 484 2917 Deest
505 2873 538 2917 noi
559 2882 600 2915 ante
624 2890 663 2926 seq.
679 2879 698 2916 S.

140 2935 298 2989 incompertam
314 2934 336 2972 0,
654 2940 672 2974 7.
701 2937 741 2974 Non
752 2937 798 2984 Cot„
814 2944 832 2976 nt
846 2938 858 2975 S
874 2948 936 2985 parum
952 2938 1035 2973 accurate
1050 2934 1083 2972 ad-

170 3000 188 3034 3.
217 2991 299 3046 θεότηιι
315 2993 335 3031 C.
534 2998 535 3001 ’
625 3000 685 3042 notat,
700 2996 732 3032 sed
749 2996 769 3033 Gl
782 2996 837 3035 edidit
851 2991 939 3047 ὑπόχειρ.

170 3059 189 3092 l.
218 3051 253 3093 οόκ
270 3051 298 3094 ἔτι
314 3051 333 3089 G.
369 3092 371 3094 ‚

172 3116 190 3150 5.
217 3114 242 3151 lta
258 3113 305 3163 lipia.
321 3122 338 3149 e.
354 3112 380 3147 29
397 3113 415 3146 el
430 3109 454 3158 0,
469 3110 521 3149 ναῶν
534 3106 599 3163 ἄνδρα·

143 3167 203 3215 daem
217 3167 270 3221 ἡμῶν
287 3165 437 3218 καταξιωθῆναι
453 3168 472 3204 C.
