2276 3612
116 213 128 260 r,
146 214 179 249 ar.
196 216 230 251 ac.
591 210 618 254 ll
635 257 637 260 ,

115 323 224 380 μέγιστον
252 322 408 384 δωρησάμενος
431 321 527 382 epotato.
568 327 699 387 αἰσθομένω
718 319 761 382 γαρ
782 320 873 385 χάριτος
897 320 1018 381 adaequet
1044 325 1080 368 καὶ

119 393 153 451 μῆ
169 396 287 455 δνναμὲνφ
302 394 455 453 α’κατηθῆναι
476 390 522 440 dud
538 396 580 440 τοὺ
594 397 703 458 δοθέντος
718 392 829 454 ολληδοῆς·
862 394 913 438 οἶδα
936 391 979 451 γαρ
1000 391 1034 437 ὅτι
1055 399 1081 437 ἕν

117 457 358 523 ἐστινῖαἷνβούλετοί
369 482 403 515 τις
419 467 455 509 καὶ
472 466 556 524 ταχέως
571 468 651 525 λαβεῖν
668 466 703 511 καὶ
713 466 810 523 βραδέως
819 462 852 521 μῆ
868 464 965 523 alpem&
981 462 1029 508 οἶδα
1039 457 1080 506 οὖν

117 531 150 590 μῆ
168 544 316 592 καταφρονεῖν
331 535 371 578 τοὺ
388 534 499 583 δοθέντος
513 552 568 591 μοι,
592 535 628 581 end
651 534 676 580 τὸ
691 532 772 595 τοῖχος,
798 531 935 590 οἷσνγκρίτον
954 535 990 579 καλ
1005 532 1080 591 μόνον

91 619 101 650 5
122 601 243 661 α’σφαλούς.

176 673 235 715 XXII.
269 672 347 718 Ταντοὶ
362 690 408 728 μον
425 668 530 724 εἰπόντος
546 672 558 719 ὁ
577 676 662 730 ,Πέτρος
678 677 730 728 ἔφη·
745 669 810 734 χάριν
825 671 927 731 ὁμολογω
942 675 972 728 τεῦ
987 674 1034 727 Θεη]
1044 671 1079 715 καὶ

119 743 168 798 περὶ
183 743 222 799 τῆς
237 741 276 794 σῆς
291 743 398 799 σωτηρίας
413 744 450 790 καὶ
466 744 517 799 περὶ
534 747 574 799 τῆς
588 743 663 800 ε’μῆςδ
678 738 830 794 α’κολαύσεως
860 742 951 799 οἷληθως
966 740 1010 800 γαρ
1025 739 1079 798 ῆδο-

116 832 159 869 μαι
175 808 237 862 erdale
252 809 286 857 ὅτι
301 814 398 869 ἐκέννως
414 815 436 857 τί
456 812 507 859 κατ’
524 820 570 858 ἔστι
588 812 745 869 τιροφητείας5
761 814 869 871 μέγεθος.
905 813 952 857 ἐπεὶ
973 808 1027 861 οὖν,
1050 808 1078 858 αἶς

116 880 193 938 ἔφηςό,
209 880 257 926 οὐδ’
273 879 300 927 ιλν
313 880 382 932 αὐτὸς
397 881 438 941 ἐμω
453 884 543 940 θελῆσω
558 884 625 933 more,
646 880 702 938 ὅπερ
720 881 799 938 α’ωελη,
822 885 859 932 εἰς·
872 881 947 937 ἕτερόν
967 899 990 925 σε
1006 897 1077 937 μετα-

88 953 194 1006 τοστῆσαι
211 950 297 1008 δόγμα,
313 948 370 1011 odys
385 949 462 1002 ἱκανός
478 958 558 1008 ἔσομαι
574 952 648 996 κεῖταί
663 969 698 1004 σε,
722 951 785 1007 εἷρξαι
806 955 847 995 τού
870 947 1021 999 λοιτιούοἷτιδ
1039 952 1078 1007 τῆς

115 1018 195 1076 αὔριον
210 1022 316 1078 παρεῖναί
331 1040 372 1077 μοι
386 1025 411 1067 ἐν
427 1033 474 1070 ταῖς
491 1024 535 1064 των
551 1016 710 1076 ἀντικειμένων
727 1018 851 1078 ζητήσεσιν.
886 1026 932 1066 ε’·’στι
954 1022 978 1066 δέ
999 1040 1039 1077 μοι
1061 1017 1075 1075 ῆ

631 1089 640 1117 ⁸
656 1087 724 1135 emole
740 1095 776 1135 καὶ
791 1095 875 1147 τροφῆς
890 1087 959 1140 αὐτὸς
974 1093 1075 1147 μεταλα-

113 1087 195 1146 αιλριον
212 1089 267 1147 πρὸς
283 1092 377 1147 Σηκονα
392 1090 477 1148 μανον.
506 1092 542 1134 καὶ
559 1087 622 1135 ταῆτἌ

113 1157 162 1217 βων
176 1163 225 1220 ἰδία
238 1157 296 1220 appel
312 1164 449 1217 μεταλαβεῖν
464 1162 584 1205 ἐκέλευσεν·
601 1158 723 1219 εὐλογήσας
738 1161 761 1206 δὲ
776 1164 813 1206 ἐντὶ
830 1163 872 1217 τῆς
887 1164 971 1218 τροφῆς
985 1164 1020 1206 καὶ
1037 1157 1075 1207 εὐ-

114 1230 259 1289 χαριστήσας,
275 1228 333 1288 μετα
350 1228 374 1275 τὸ
390 1232 529 1286 κορεσθῆναι
546 1232 581 1276 καὶ
597 1228 668 1276 αὐτον
683 1229 766 1275 τούτου
780 1227 821 1275 τὸν
837 1231 906 1287 λόγον
920 1249 960 1287 μοι
973 1227 1075 1280 cleobule

88 1298 213 1357 ςεὲκῆνσνε
228 1302 308 1358 λέγων·
332 1301 376 1359 δῴη
392 1319 425 1345 σοι
446 1300 457 1344 ὁ
475 1296 532 1351 Θεὸς
552 1298 702 1347 καταστάντα
725 1302 892 1358 ἐξομοιωθῆναί
906 1320 958 1357 μοι,
979 1305 1014 1348 aot
1029 1303 1074 1358 βω

113 1370 242 1414 κτισθέντα
257 1372 296 1426 τῆς
312 1365 383 1426 αὐτῆς
398 1388 438 1426 μοι
457 1374 596 1429 μεταλαβεῖν
612 1375 732 1431 τραπέζης.
766 1373 839 1416 ταντα
863 1368 932 1414 εἴκων
952 1367 1074 1430 ῆονχιλζειν

113 1455 153 1492 μοι
170 1441 311 1496 προσέταξεν.
341 1439 384 1498 ῆδη
398 1437 442 1498 γάρ
458 1459 504 1486 κτον
519 1444 554 1487 καὶ
569 1437 696 1488 cladomb
707 1439 788 1500 σῖιιῆτει
803 1438 817 1499 a}
829 1441 871 1486 τοῦ
884 1438 988 1497 σώματος
1001 1438 1073 1495 φύσις.

113 1577 228 1619 tradideris.
259 1579 357 1622 Sentienti
373 1582 425 1622 enim
442 1580 528 1635 gratiam
543 1579 621 1635 dedisti,
638 1581 699 1634 eique
715 1581 749 1636 qn'i
764 1582 818 1624 circa
834 1581 929 1623 traditum
943 1592 1015 1622 verum
1026 1591 1068 1620 non

114 1649 190 1700 poterit
205 1648 276 1703 decipi.
312 1650 365 1692 Novi
381 1651 456 1704 quippe
474 1649 495 1691 id
511 1662 573 1691 unum
589 1662 635 1691 esse
651 1663 678 1692 en
692 1650 728 1705 iis,
753 1663 805 1705 quae
828 1651 899 1705 aliquis
920 1650 1007 1703 cupierit
1027 1650 1067 1696 cito

88 1718 217 1772 20accipere‚
233 1732 274 1761 non
289 1726 356 1762 autem
371 1720 428 1762 tarde
444 1720 549 1773 consequi.
586 1719 632 1762 Scio
648 1720 710 1774 igitur
729 1733 772 1763 non
787 1721 958 1763 contemnendum
979 1732 1026 1762 esse
1042 1721 1067 1761 cb

111 1787 246 1844 celeritatem,
263 1790 318 1844 quod
334 1791 401 1832 datum
417 1789 465 1831 milri
481 1796 522 1844 est,
538 1788 636 1844 quodque
652 1795 683 1832 est
698 1790 856 1843 incomparabile
871 1803 895 1831 ac
909 1790 1053 1832 solumtutum.

167 1857 227 1901 XXII.
256 1860 312 1901 Haec
326 1866 434 1915 postquam
448 1860 529 1902 locutus
548 1872 611 1915 surn,·
623 1860 695 1902 Petrus
711 1860 768 1902 dixit:
784 1863 870 1915 gratiam
885 1861 930 1902 Deo
946 1859 1025 1915 habeo,
1050 1865 1070 1902 et

110 1938 148 1979 pro
164 1928 231 1971 salute
246 1935 291 1985 tua,
316 1937 337 1973 et-
353 1943 391 1985 pro
413 1943 460 1973 mco
482 1930 591 1972 commodo
615 1936 678 1984 atque
694 1930 852 1973 oblectamento.
890 1932 944 1972 Vere
966 1931 1067 1984 siquidem

109 1998 201 2055 gaudeo,
225 2001 293 2044 sciens
309 2006 329 2043 te
350 2014 451 2055 quaenam
471 2002 497 2042 sit
516 2000 638 2054 prophetiae
658 2001 778 2054 magnitudo
799 2001 932 2055 cognovisse.
967 2000 1068 2048 Quoniam

82 2079 172 2123 25ergo‚
195 2068 310 2125 enutristi,
331 2082 400 2123 neque
416 2070 433 2111 si
453 2070 497 2122 ipse
512 2081 564 2123 ergo
581 2069 701 2124 aliquando,
726 2070 781 2123 quod
797 2070 858 2124 absit,
881 2070 981 2112 veluerim
1001 2076 1021 2111 te
1042 2072 1067 2112 ad

107 2136 164 2178 'aliud
180 2131 255 2192 dogma
271 2139 393 2195 transferre,
409 2139 497 2180 idoneus
513 2138 539 2180 ed
553 2144 574 2180 te
589 2137 754 2191 persuadendum
769 2138 910 2194 luturussum,
925 2139 993 2191 incipe
1005 2139 1071 2181 dein-¹

107 2218 158 2260 ceps
174 2221 201 2249 ex
216 2210 303 2251 crastina
319 2209 351 2250 die
366 2209 414 2250 milri
428 2209 449 2250 in
465 2208 620 2262 quaestionibus
636 2213 708 2250 eontra
722 2208 852 2251 adversarios
871 2208 971 2263 agitandis
986 2210 1066 2252 adesset

108 2276 202 2320 Crastina
232 2284 299 2321 aulem
316 2285 347 2322 est
361 2279 409 2320 milri
425 2278 525 2320 adversus
542 2277 644 2320 Simonem
660 2290 747 2332 magum.
783 2278 850 2333 Atque
864 2278 896 2320 his
913 2278 970 2321 dictis
987 2280 1066 2333 etipse

107 2349 174 2390 cibum
190 2352 285 2407 sumpsit,
302 2364 376 2405 meque
392 2350 485 2404 privatim
496 2349 558 2404 jussit
571 2361 659 2391 sumere.
690 2348 803 2391 Benedicto
819 2355 886 2392 autem
902 2349 957 2404 cibo,
974 2349 1066 2403 actisque

81 2421 190 2475 regratiis,
205 2427 312 2476 postquem
328 2422 421 2476 expletus
436 2421 484 2476 tuit,
499 2421 551 2462 illius
568 2431 652 2474 queque
667 2420 698 2461 rei
712 2421 793 2462 ratione
808 2420 856 2461 milri
869 2420 950 2462 reddita
961 2419 1067 2473 subjunxit

107 2492 188 2533 dicens:
211 2492 244 2533 det
258 2493 293 2533 tibi
308 2492 374 2548 Deus,
397 2493 454 2534 utin
470 2493 565 2535 erunibus
585 2491 632 2533 milri
653 2490 721 2532 similis
741 2490 845 2545 efficieris,
866 2496 931 2544 utque
951 2489 1065 2542 baptizatus

107 2561 200 2616 ejusdem
217 2574 294 2602 mecum
310 2565 411 2617 particeps
427 2564 463 2606 lias
479 2575 571 2605 mensae.
608 2562 687 2611 Quibus
707 2561 765 2605 dictis
780 2562 890 2614 quiescere
905 2574 938 2603 me
952 2561 1064 2615 praecepit.

106 2632 151 2673 Jarn
168 2633 222 2674 enim
238 2637 258 2673 et
273 2644 365 2674 somnum
378 2639 451 2675 natura
469 2634 564 2688 corporis
581 2633 695 2687 expetebat.

136 2843 154 2881 l.
184 2834 322 2894 ἕδολρησαςῠ.
641 2873 645 2882 ,
674 2843 700 2880 lta
718 2842 732 2879 Ο
749 2853 765 2877 ο,
782 2841 803 2887 S,
819 2839 853 2891 τῆς
869 2836 902 2880 καλ
918 2834 1047 2889 κερλὲμῆςῦ.

135 2904 154 2940 2.
185 2897 259 2939 ἔνεστιν
276 2901 296 2939 0.
589 2914 590 2917 ’
641 2911 652 2940 .·
674 2902 700 2938 lta
717 2900 731 2937 0
749 2911 764 2937 c,
779 2900 802 2936 S.
817 2896 930 2951 κροφηιίας
944 2898 963 2936 G.

124 2960 155 2995 ’3,
184 2955 262 3011 ἀτυχεῖν
285 2959 412 3007 (sperneret)
434 2960 482 3006 corq'.
499 2961 527 3007 l)l
553 2962 573 2995 ut
641 2990 645 2998 .
676 2954 704 3002 ὡς
720 2955 769 3008 ἔφης
785 2969 819 2996 om.
835 2957 857 2998 0,

109 3015 185 3053 evitetur
206 3018 315 3067 tautologia.
356 3017 442 3054 Fortasse
464 3020 521 3056 verba
541 3017 573 3054 illa
641 3047 645 3055 .
675 3018 701 3054 lta
716 3016 730 3054 0
748 3028 763 3055 ο,
779 3017 801 3064 S,
817 3012 853 3053 οὐκ
869 3015 889 3052 C.

110 3075 152 3110 loco
168 3086 200 3112 suo
217 3079 306 3115 rrrorendu
322 3080 373 3123 sunt,
396 3080 415 3112 nt
430 3077 501 3124 legatur
518 3087 573 3113 versu
643 3106 646 3114 .
676 3074 739 3114 ταῦτα
756 3075 774 3114 t'.
803 3074 846 3112 'lum
861 3069 980 3126 μεταλαβεῖν
996 3070 1016 3108 0.

110 3133 210 3180 insequenti
228 3132 260 3175 did
277 3133 300 3175 ιὸ
316 3130 377 3186 ταχος
394 3128 427 3172 καὶ
441 3130 467 3184 μὴ
483 3132 573 3187 βραδέως

112 3193 181 3242 τυχεῖν.
200 3193 218 3231 S.
