2276 3612
102 255 140 306 XX,
157 258 177 295 3.
565 254 608 301 398

101 367 130 420 οἷς
146 372 192 431 ἰδία
207 364 352 432 χαριζόμενος
367 368 482 425 ἐπιθυμίᾳ
498 365 540 427 τὴν
555 372 598 416 τοτ’
614 373 675 418 daed
690 367 802 429 βοάληοιν
820 367 909 412 taneto.
944 361 957 410 ό
978 365 1000 410 db
1021 370 1068 410 ἕτε-

103 458 140 495 ρος
156 443 193 487 ἐπὶ
213 439 303 486 ducalem
324 437 412 495 ἐξονοιά
431 439 535 499 χαίρειν1
554 441 745 499 ὃνμιονργιγθείς,
767 438 854 483 δίκαιον
874 431 947 493 ειῗράν
967 433 1068 492 μεγάλως

103 507 261 568 εὐφραίνεται,
277 506 349 561 σώζων
367 503 438 552 αὐτόν
455 509 518 569 άὶίλίῳ
535 514 591 570 ζωῇ,
611 514 647 558 acl
668 507 735 560 αάτός
755 508 777 554 db
793 504 821 557 ὥς
836 508 908 566 ἑαυτῷ
923 503 1069 568 χαριζόμενος

102 578 145 635 τὴν
159 577 218 636 άτὲρ
232 577 321 624 τούτων
336 581 368 628 εἰς
384 575 441 624 θεόν
458 576 565 639 άναφέρει
580 582 652 641 χάριν.
690 587 759 634 ἔξεστι
783 581 807 625 δὲ
829 579 899 623 παντὶ
915 572 981 636 άὸἱαῳ
997 593 1068 632 μετα-

77 649 228 705 patefactam
244 646 366 702 σώζεσθαι,
386 650 422 693 καλ
438 651 508 693 παντὶ
526 652 603 709 δικαίῳ
620 648 685 708 άνιλρὶ
700 652 735 696 tel
751 649 884 699 τελευταίας
906 642 1019 704 άμαρτίας
1035 645 1068 689 dr'-
1119 689 1120 693 ,

103 713 274 777 νιγνάττέοχειν.
313 713 372 774 πλήν
389 722 409 763 οἱ
427 715 467 763 du‘o
483 714 594 776 ἡγεμόνες
609 714 676 771 οὗτοι
693 730 777 780 ταχεῖαι
793 721 863 782 χεῖρές
878 722 921 763 εἰοι
936 717 996 763 θεον
1012 734 1068 771 τρο·
1135 734 1136 737 ’

102 787 234 846 λαμβάνειν
249 788 419 844 deificandum,
435 786 460 833 τό
477 784 548 833 αὐτοι]
565 790 657 848 θέλημα
674 792 789 834 ἐπιτελεῖν.
824 785 859 834 ότι
875 789 898 833 db
913 783 980 832 acdd'
997 783 1069 835 οὕτως

101 862 156 920 ἔχει,
172 860 258 915 εἴρομαι
276 859 312 903 καὶ
329 861 359 915 τῷ
375 856 437 916 νόμῳ
453 863 476 903 ἐν
492 859 619 916 προσώπου·
631 863 672 905 τοὺ
688 857 831 917 eeofflzs‘yat
849 854 964 904 άποοτενώ
981 854 1068 912 καὶζῆν
1106 853 1108 857 ’

101 926 197 985 ποιήσω·
220 927 325 980 πατάξω,
347 923 406 986 νάγώ
422 925 522 985 ἰάσομαι.
562 926 654 985 άληθῶς
677 928 719 986 γάρ
742 926 888 973 donaveram
904 928 939 972 acl
961 931 1069 982 ζωογονεῖ-

77 996 231 1046 1οάποττείνει
246 1002 292 1054 μὲν
309 998 346 1044 ded
370 1000 410 1055 τῆς
425 995 554 1055 άριοτεράς,
579 1000 641 1044 τουτ’
657 1004 703 1044 ὲότι
727 995 762 1043 διά
788 997 829 1042 τοῦ
852 999 887 1042 ἐπὶ
910 991 1002 1041 academ
1023 995 1068 1039 τάν

102 1067 190 1124 άοεβάν
205 1068 292 1129 χαίρειν
307 1069 433 1126 νραθέντος
449 1070 559 1124 τονηρού.
591 1067 653 1125 σώζει
669 1070 692 1114 (λλ
708 1070 743 1113 ναὶ
759 1065 869 1124 εὐεργετεῖ
882 1063 917 1113 bd
934 1068 973 1124 τῆς
989 1066 1068 1118 δεξιάς,
1135 1063 1137 1065 ’

102 1134 161 1184 νοντ’
177 1144 224 1184 ὲότι
241 1134 278 1184 διά
296 1142 337 1185 τοῦ
353 1137 387 1184 a'm’
403 1134 518 1198 εὐεργεσία
541 1141 577 1184 acl
599 1141 694 1198 σωτηρία
713 1139 802 1184 dunelma
825 1139 911 1199 χαίρειν
932 1142 1067 1195 δημιουργη-

102 1208 203 1259 θέντος4
219 1204 321 1266 dyaboli.
348 1209 391 1254 εἰολ
409 1209 432 1253 δὲ
450 1201 512 1253 οὗτοι
529 1208 569 1259 τάς
585 1206 665 1258 adelae
681 1214 770 1268 ἔχοντες
786 1203 827 1252 οὐν
843 1213 928 1260 ’ἔξωθεν
943 1209 984 1252 cod
999 1207 1069 1251 etot]-

101 1276 153 1325 οὐδὲ
169 1278 212 1337 γάρ
226 1284 288 1325 ἔστιν
303 1280 367 1335 ἑτέρα
384 1295 418 1327 τις
432 1273 496 1337 άρχή.
534 1275 560 1324 ον’
581 1275 628 1334 μάν
651 1275 697 1323 aab
718 1279 759 1321 τοὺ
775 1278 833 1321 θεοῦ
849 1274 877 1328 οἷς
892 1280 935 1333 §aie
951 1271 1067 1334 προεβλή-

75 1366 96 1399 15
104 1355 191 1405 θησαν,
207 1346 312 1405 ὁμόδοξοι
328 1347 371 1405 γάρ
387 1343 448 1403 adep]
463 1345 533 1405 ἦσαν·
551 1346 602 1393 οὔτε
619 1344 791 1405 ονμβεβηκόοιν
807 1344 943 1403 αὐτομάτως
951 1342 1012 1402 παρά
1024 1342 1067 1401 τήν

102 1414 172 1464 αὐτον
187 1415 275 1477 βουλάν
289 1416 421 1475 γεγονότες,
446 1419 494 1462 ἐπεὶ
519 1414 544 1463 τό
560 1419 599 1472 τῆς
615 1414 730 1473 άννάμεας
753 1412 826 1461 adcon]
841 1417 950 1473 με’γιοτον
966 1411 1066 1473 άνγγρητο

101 1486 138 1533 ἄν.
171 1485 227 1534 άλλά
245 1485 291 1533 άπὸ
308 1489 350 1533 τοὺ
368 1487 425 1532 θεοῦ
441 1489 485 1543 μὲν
502 1488 674 1545 προβέβληνται
690 1481 718 1550 τά
735 1484 848 1544 πράτιστα
864 1496 960 1547 στοιχεῖα
970 1486 1065 1540 τὲοοαρα

100 1554 125 1602 τό
142 1578 167 1604 τε
182 1553 271 1615 θερμόν
288 1560 324 1603 καὶ
339 1556 443 1617 ψυχρόν,
459 1553 529 1615 άγρόν
545 1576 569 1602 τε
585 1559 621 1603 acl
638 1554 711 1615 ξηρόν,
751 1556 807 1603 ὅθεν
828 1554 855 1612 (λγ
870 1557 907 1601 ναὶ
922 1555 998 1613 πατὴρ
1013 1572 1066 1610 τογ-

100 1624 163 1685 χάνει
181 1627 256 1684 nacae
272 1625 351 1677 οὐσίας
367 1625 437 1684 odona
452 1625 544 1684 γνώμης
559 1631 599 1683 τῆς
618 1625 675 1673 αατά
691 1623 734 1684 τόν
749 1628 840 1682 γράσον·
863 1623 901 1679 ’ἕξω
916 1624 958 1684 γάρ
973 1630 1067 1682 κραθεῖ-

75 1713 137 1746 οοοιν
155 1694 232 1748 αὐτοῖς
247 1694 275 1748 οἷς
291 1700 371 1743 τέκνον
386 1696 400 1754 ιγ’
416 1698 546 1754 προαίρεσις
560 1695 681 1754 ἐγεννήθη.
719 1695 731 1741 ὁ
754 1691 796 1742 οὖν
819 1694 918 1753 πονηρός
940 1692 996 1753 πρός
1019 1693 1066 1755 τῷ5

100 1839 185 1894 imperio
201 1838 300 1894 gaudeat,
316 1839 372 1881 bono
389 1839 477 1895 quodam
492 1840 576 1882 invento
594 1851 721 1893 magnopere
736 1839 835 1894 laetatur,
852 1839 1012 1893 eumquervitae
1027 1851 1065 1880 ae-

100 1916 172 1952 ternae
187 1910 265 1966 salvat‚
286 1911 367 1964 etipse
390 1923 441 1952 vero
457 1911 516 1964 quasi
532 1910 570 1953 sibi
585 1910 695 1966 indulgens
714 1923 806 1952 amorem
830 1921 881 1964 erga
904 1922 941 1952 ecs
961 1910 982 1951 in
997 1909 1063 1951 Deum

99 1981 169 2022 refert.
199 1980 295 2022 Attamen
311 1982 377 2034 quivis
393 1983 479 2036 injustus
496 1982 589 2023 converti
604 1986 673 2035 potest
689 1987 752 2036 atque
767 1982 848 2036 salvari,
865 1981 948 2035 quilibet
959 1982 991 2022 vir
997 1981 1064 2034 justus

100 2056 186 2104 peccata
203 2051 313 2093 commissa
327 2063 393 2104 poena
409 2052 474 2094 luere.
503 2052 528 2094 Hi
543 2051 625 2106 quidem
640 2052 681 2094 dno
698 2052 762 2095 duces
777 2052 862 2094 veloces
878 2051 915 2092 Dei
929 2062 1002 2093 manus
1017 2054 1065 2093 sunt

75 2121 125 2161 asad
143 2120 294 2175 anticipandum
310 2127 428 2178 promptae,
444 2128 467 2164 nt
483 2123 527 2178 ejus
543 2124 670 2165 volunlatem
686 2126 832 2176 exsequantur.
866 2120 927 2170 Quod
942 2121 969 2162 ita
985 2133 1008 2164 se
1024 2120 1064 2161 ha-

101 2194 163 2249 bere7
179 2192 255 2234 dictum
272 2193 477 2248 estetiaminlege
493 2195 597 2248 exipsius
615 2194 654 2235 Dei
675 2199 774 2247 persona:
794 2193 841 2247 Ego
867 2192 959 2235 occidam
979 2197 999 2234 el
1023 2202 1064 2245 ego

99 2265 171 2306 vivere
186 2263 272 2316 faciam3
288 2264 402 2317 percutiam
417 2270 438 2307 et
454 2278 494 2320 ego
510 2266 596 2307 sanabo.
626 2264 678 2306 Nam
693 2276 744 2306 vere
760 2263 835 2305 occidit
854 2268 875 2304 et
893 2263 990 2305 vivificat.
1020 2261 1063 2303 Oc-

100 2334 148 2375 cidit
164 2338 232 2375 autem
256 2335 350 2389 sinislra,
376 2334 430 2377 idest
450 2348 487 2389 per
506 2336 589 2392 bllalum,
610 2336 645 2390 qui
667 2335 740 2377 laetari
761 2339 844 2376 tenetur
866 2334 975 2387 impiorum
993 2332 1064 2376 exitio.

99 2405 193 2446 Vivifrcat
208 2409 276 2446 autem
292 2410 313 2447 et
328 2405 430 2447 benefacit
445 2406 526 2463 dextra,
542 2406 563 2447 id
578 2413 610 2449 est
625 2420 662 2461 per
677 2406 765 2461 bonnm,
783 2406 818 2459 qui
836 2406 863 2446 ita
887 2411 968 2448 creatus
985 2411 1026 2461 est,
1043 2409 1065 2446 ut

74 2475 236 2517 3⁰benelicentia
252 2481 272 2517 et
288 2476 353 2516 salute
366 2476 469 2529 pistorum
487 2478 584 2532 gaudeat,
620 2476 648 2518 At
670 2478 690 2518 bi
710 2476 807 2518 facultate
822 2475 923 2529 pollentes
946 2489 989 2518 non
1005 2481 1063 2519 extra

98 2546 165 2587 Deum
181 2546 284 2597 existunt3
299 2545 350 2588 alins
366 2547 419 2588 enim
435 2552 493 2589 extra
508 2560 555 2589 eum
570 2548 695 2602 principatus
711 2552 742 2589 est
757 2545 831 2586 nullus.
865 2546 939 2601 Neque
954 2552 1021 2589 autem
1038 2559 1064 2588 ex

98 2617 143 2659 Deo
159 2623 182 2659 ut
197 2616 292 2666 animalia
307 2618 394 2671 projecti
410 2623 469 2673 sunt,
493 2632 539 2661 cum
562 2632 629 2673 acqua
647 2619 750 2672 pollerent
771 2622 873 2670 potestate
889 2631 913 2660 ac
928 2619 971 2660 ille:
995 2622 1063 2672 neque

99 2689 223 2731 exstiterunt
238 2700 276 2742 per
291 2689 414 2741 semetipsos
435 2695 507 2731 centra
529 2690 581 2732 illius
600 2689 726 2732 voluntatem
748 2688 820 2742 geniti,
843 2700 889 2730 cum
911 2691 938 2731 lta
963 2701 1063 2731 summum

97 2761 204 2815 imperium
221 2760 239 2801 ei
255 2758 369 2813 tolleretur.
400 2759 440 2803 Sed
457 2774 484 2802 ex
499 2760 543 2802 Deo
559 2760 641 2815 quiderm
657 2761 752 2815 projecta
768 2763 814 2801 sunt
828 2761 897 2812 priora
913 2765 1002 2814 quatuor
1018 2759 1067 2819 ele-¹

74 2835 174 2889 tamenta,
190 2831 277 2874 calidum
293 2836 314 2872 et
329 2829 431 2884 frigidum,
445 2831 550 2872 humidum
567 2837 588 2873 et
603 2832 686 2872 siceum.
719 2829 786 2877 Quare
804 2830 862 2872 etiam
877 2835 936 2884 pater
948 2837 979 2873 est
990 2831 1079 2885 cujus-¹

99 2904 129 2945 vis
143 2904 254 2957 materiae,
270 2906 293 2943 ut
308 2913 362 2955 quae
377 2902 463 2943 mixtura
480 2903 574 2944 evenerit
594 2901 708 2942 secundum
727 2900 771 2954 eJ'ns
790 2902 923 2953 sententiam3
948 2901 1063 2944 commixtis

100 2976 153 3016 enim
167 2975 216 3029 ipsis
232 2972 340 3014 consilium
357 2976 414 3013 extra
429 2972 552 3014 nascebatur
568 2976 589 3012 ul
605 2971 665 3012 fetns.
700 2970 764 3011 llllalus
780 2971 842 3025 igitur
857 2971 877 3011 in
893 2970 933 3012 fme
948 2970 1062 3024 praesentis

133 3126 150 3160 l.
179 3119 238 3175 χάριν
256 3123 278 3162 0.
625 3124 644 3160 4.
675 3117 846 3173 δημιουργηθέντα
863 3119 884 3158 0.

131 3184 151 3218 2.
180 3182 253 3220 Denter.
270 3184 303 3235 32,
320 3184 353 3220 39.
627 3182 645 3218 ὅ.
676 3173 699 3217 co*
718 3178 738 3217 0.

132 3240 151 3276 3.
182 3234 296 3279 ἀποκιέννει
311 3251 348 3279 scr.
362 3238 383 3276 0.
414 3238 440 3276 lla
453 3240 471 3274 et
486 3237 569 3275 subinde.
