2276 3612
92 236 122 286 ιν,
140 236 202 275 ι-ε.
250 271 251 274 ,
555 228 597 275 120

94 350 185 408 Πέτρου
200 351 242 396 τοῦ
257 347 434 398 ἀποστείλαντος
449 345 512 406 ἡμεῖς
528 348 685 407 έξενλσθημεν
703 346 763 407 παρῶ
780 348 880 408 Βερνίκῃ
898 345 1001 406 ’θυγατρὶ
1016 344 1058 405 της.

94 420 283 471 Χοναανιτιδσς1
303 417 427 477 ’lauceae'
444 417 494 477 ἣτις
513 414 673 476 ἀσμενέστατα
689 417 750 479 ηφιάς
765 415 915 472 ἀπεδέξατο,
916 420 974 464 καὶ
975 418 1063 476 πολλῇ·

94 494 140 547 μέν
155 492 184 551 τῇ
199 490 279 547 πρέςρ
270 507 299 546 με
316 506 348 545 τι
340 508 373 548 ιη
389 486 514 546 ἀγωνιῶσα,
531 491 653 551 στοργῇδέ
669 492 698 551 τη
714 486 770 546 πρδς
783 484 887 534 Ακυλαν
898 487 1057 547 κοιΝικντην,

97 558 135 608 διά
149 558 219 623 χαράυ
235 555 263 610 ῶς
280 559 382 640 συνήθης
401 561 604 619 παρρησιαζομένη
626 562 810 619 ἐφιλοφρονεῖτο,
824 558 869 603 καλ
885 555 947 615 πρὸς
957 555 1000 616 την
1015 575 1055 604 του

68 640 78 672 ⁵
97 630 200 689 σώματος
215 630 373 689 θεραπείαν]
359 649 369 675 ι
375 631 422 687 μάς
438 629 541 680 δεκτικῶς
556 631 700 690 κατήπειγεν
732 624 834 676 συνιδάν
842 621 886 674 σῶν
901 626 936 672 ὅτι
947 630 1057 714 φ’ραχεῖαν

95 699 149 758 ιΞμῖν
164 697 301 756 υπέρδεσιν
307 703 447 746 ποιεισθαι
438 700 573 758 επέτρεπεν,
590 698 668 759 ὀρθῶς.
677 701 734 758 μέν,
756 704 825 758 έφην,
848 706 929 750 ποιεῖς,
946 697 1058 743 ε’πισπεά-

96 770 164 814 δουσα
175 766 207 814 .κά
222 770 262 826 τῆς
280 766 370 827 ἀγάπης
385 766 570 828 ἀποπληρῶσαιῖ
585 773 650 831 μέρη.
680 771 830 828 προτιμητέος
845 769 873 814 δέ·
886 765 969 824 ταύτης
978 761 1057 822 ἀπρσς

96 838 136 884 τὸν
153 835 213 885 Θεδν
227 836 293 898 ἡμῶν
314 837 395 899 φόβος.
435 841 548 899 δέδιμενό
566 837 609 901 γάρ
629 838 689 898 ἀπέρ
709 842 798 886 πολλῶν
821 837 897 900 ψυχῶν
913 832 960 893 τάν
981 834 1056 895 ἀγῶνα

96 912 186 970 ἔχοντες
201 909 242 966 της
257 910 347 955 ἐκείνων
364 911 474 969 σωτηρίας
490 913 607 971 προτιμῶν
622 907 664 967 την
676 908 788 969 η’μεκέραν
805 906 942 956 ἀνάπαυσιν.

69 987 89 1022 10
152 978 176 1022 11.
205 979 406 1038 flooaaetpeaat
426 977 470 1038 φάρ
490 978 525 1027 ὅτι
542 982 620 1038 Σίμων
640 977 653 1024 ἀ
668 977 757 1038 μῶρος,
782 976 1058 1038 ceremoniarumque

95 1044 152 1106 πρδς
168 1046 208 1105 τδν
224 1046 302 1108 υῶριου
325 1048 392 1107 η’μῶν
411 1051 501 1107 Πέτρου
517 1049 629 1108 ζητήσεως
649 1045 772 1107 ἡττηθείς,
797 1049 935 1109 παραχρῆμα
956 1041 1059 1104 ἀπσδράς

95 1119 201 1163 arrectae
217 1117 289 1164 πολλοὶ
302 1120 360 1165 κακά
375 1117 539 1176 διαπράσσεκαι
549 1118 565 1164 5.
594 1122 651 1165 πάσι
666 1113 709 1177 yde
724 1128 772 1170 τοῖς
782 1114 931 1168 ὑπεναντίοις
943 1111 1005 1174 παρά
1017 1113 1058 1175 την

95 1182 209 1244 ἀλήθειαν
224 1190 331 1248 λοιδορῶν
346 1184 387 1235 σδν
397 1188 487 1245 Πέτρον
503 1183 544 1240 τάς
560 1191 603 1236 τῶν
619 1190 708 1235 πολλῶν
723 1184 859 1245 συναρπάζει
874 1185 956 1249 ψυχάς.
985 1182 1059 1245 μάγσς

95 1256 138 1302 τε6
152 1255 195 1317 ηάρ
211 1254 277 1309 αὐτὸς
293 1257 324 1304 ῶν
339 1255 416 1316 papea
431 1262 516 1303 ἐκεῖνον
531 1256 654 1316 ἀποκαλεῖ,
675 1259 711 1303 καὶ
728 1256 816 1307 πλάνος
837 1251 905 1310 αῶτδς
921 1253 952 1302 ἀν
968 1254 1058 1302 πλάνον

69 1331 181 1373 κῖέκεῖνον
196 1327 361 1388 ἀποκηρύσσει,
380 1331 417 1377 καὶ
432 1334 456 1376 ἐν
471 1339 520 1382 ταῖς
540 1329 659 1390 ζητήσεσιν
674 1332 711 1377 ἐπὶ
726 1329 820 1377 πάντων
836 1324 860 1375 τδ
876 1322 946 1389 ἧττον
961 1328 1059 1388 ἀπενεγ-

96 1392 194 1455 κάμενος
209 1398 247 1443 καλ
264 1397 341 1458 φυγῶν
355 1397 431 1451 ἀὐτὸς
447 1400 527 1459 φάσκει
547 1399 712 1458 νενικηκέναι7,
734 1402 771 1447 καλ
789 1402 830 1446 ταῶ
851 1402 940 1457 Πέτρου
959 1396 993 1457 μη
1015 1400 1059 1446 δεῖν

97 1461 189 1512 ἀκούειν
205 1466 344 1526 πυκνότερον
359 1470 497 1526 ἐντέλλεται,
519 1467 547 1522 ῶς
562 1472 635 1530 δηδεν
651 1471 789 1531 κηδόμενος,
811 1476 849 1518 ἵνα
871 1469 904 1529 μη
919 1466 966 1517 aad
981 1469 1057 1516 δεινοῶ

98 1540 298 1596 κατανοητευθῶσι
314 1537 398 1598 μάγου.

156 1607 187 1651 ΙΙΙ,
221 1609 300 1654 Tacta
321 1605 365 1656 σῶν
386 1606 498 1668 perduc
517 1606 593 1669 κῶριος
606 1609 675 1670 ,η’μῶν
690 1613 778 1673 Πέτρος
798 1610 975 1670 προαπέστειλεν
997 1607 1059 1668 η’μῶς

72 1759 148 1804 20nos,
163 1747 259 1803 hospitati
274 1761 344 1793 sumus
360 1750 414 1806 apud
428 1751 549 1795 Berenieem
571 1751 642 1795 Justae
658 1750 794 1796 chananaeae
813 1752 883 1808 filiam,
908 1764 962 1807 quae
982 1753 1058 1796 luben-

97 1819 174 1861 tissime
189 1831 228 1862 nos
244 1822 343 1876 suscepit3
359 1826 421 1876 atque
437 1823 500 1865 multo
517 1835 567 1878 erga
583 1835 616 1864 me
631 1821 712 1865 honore
731 1829 751 1866 et
767 1824 876 1866 dilectione
899 1836 949 1878 erga
965 1823 1059 1878 Aquilam

98 1895 118 1932 et
132 1890 224 1933 Niceten
240 1898 372 1951 concertans,
388 1900 410 1937 ut
425 1894 529 1938 familiaris
546 1895 640 1951 gaudens
655 1908 679 1937 ao
695 1897 808 1953 confidens,
823 1908 946 1952 magnares
961 1895 1058 1938 humani-

96 1966 138 2003 tate
152 1967 264 2015 prosecuta
281 1967 321 2019 est,
336 1976 417 2019 nosque
429 1966 456 2007 ad
470 1978 546 2021 corpus
561 1966 674 2008 curandum
686 1968 771 2010 comiter
779 1968 875 2011 incitavit.
905 1966 990 2010 Intuitus
1000 1979 1058 2023 ergo,

98 2031 153 2087 quod
167 2032 324 2077 hortareturut
316 2035 455 2079 tfaceremus
470 2037 546 2080 breves
561 2037 663 2094 inducias,
679 2045 737 2081 reete
741 2039 852 2095 ,inquam,
869 2037 923 2093 agis,
940 2037 987 2079 dum
1002 2038 1058 2079 cari-

71 2108 104 2145 att
97 2103 143 2145 tatis
157 2102 243 2156 implere
258 2105 327 2146 munia
341 2105 387 2149 fes
374 2113 432 2149 inas
463 2106 490 2149 At
482 2107 543 2161 tipsi
557 2106 658 2161 praeferri
673 2107 762 2151 debett
748 2114 809 2151 timor
825 2120 874 2164 erga
884 2108 950 2150 Deum
959 2113 1007 2152 nos
1008 2121 1059 2151 rum

99 2173 199 2215 Veremur
214 2173 278 2230 enim,
299 2176 333 2229 qui
351 2188 389 2230 pro
411 2176 478 2221 multis
498 2178 604 2220 animabus
620 2178 772 2235 contendimus,
793 2179 943 2222 recreationem
962 2184 1059 2223 nostram

99 2248 227 2297 anteponere
243 2258 315 2287 earum
332 2247 398 2289 satuti.
783 2281 784 2284 =

155 2314 178 2358 Ii.
209 2314 309 2360 Audimus
323 2319 388 2374 enim,
406 2318 462 2373 quod
478 2317 548 2363 Simon
560 2330 644 2376 magus,
660 2320 680 2361 in
696 2319 833 2375 disputatione
845 2332 905 2375 quam
920 2332 966 2361 cum
976 2320 1059 2365 domino

99 2392 171 2429 nostro
187 2387 248 2430 Petro
264 2387 380 2433 Caesareae
394 2389 465 2434 hahuit
480 2396 598 2447 superatus,
614 2392 724 2445 statimque
740 2390 857 2446 aufugiens,
878 2389 919 2431 hic
930 2390 992 2433 multe
1007 2405 1059 2447 per*

74 2463 167 2514 30petrat
181 2459 239 2502 maia.
268 2459 329 2515 Apud
343 2474 415 2505 ornnes
430 2463 484 2504 enim
499 2462 631 2506 adversarios
646 2463 728 2505 Petrum
743 2461 795 2504 falso
810 2462 1059 2506 calumnians'multorum

100 2530 174 2585 abripit
189 2531 271 2573 animas.
306 2532 357 2574 Nam
373 2535 478 2589 cumipse
498 2535 524 2578 sit
539 2546 624 2591 magus,
646 2547 692 2577 eum
712 2545 794 2588 magum
813 2533 909 2588 appellat:
927 2538 947 2576 et
967 2546 1012 2575 cum
1035 2535 1060 2578 sit

99 2601 210 2656 impostor,
225 2600 358 2654 impostorem
374 2617 420 2646 eum
434 2604 559 2659 proclamat3
575 2617 662 2660 eumque
678 2606 698 2646 in
714 2604 850 2658 disputatione
864 2616 902 2658 per
912 2604 979 2646 omnia
992 2605 1059 2649 vietus

100 2673 187 2716 cesserit
203 2684 227 2713 ac
242 2671 328 2730 fugerit,
349 2676 424 2718 vicisse
439 2688 463 2719 se
478 2676 597 2731 profitetur,
615 2676 779 2732 frequenterque
801 2676 900 2730 praecipit
917 2676 1006 2718 Petrum·
1017 2688 1059 2719 non

101 2758 147 2790 esse
164 2742 297 2799 audiendum,
313 2748 370 2799 quasi
384 2747 480 2790 videlicet
495 2748 605 2804 sollicitus,
620 2761 647 2790 ne
663 2761 674 2790 a
689 2748 778 2802 pessimo
793 2748 903 2790 illudantur
917 2759 994 2803 mago..

76 2829 95 2864 35
158 2814 190 2858 Ill.
220 2813 278 2856 Haec
293 2817 394 2871 accipiens
410 2817 504 2861 dominus
518 2824 591 2861 noster
605 2819 677 2862 Petrus
692 2818 796 2872 praemisit
815 2831 854 2862 nos
875 2817 957 2861 futuros
977 2818 1059 2860 verho-

132 2930 150 2966 1.
180 2922 352 2971 Χανανίτιδσςῦ.
524 2956 525 2960 ,
623 2931 641 2968 5.
672 2922 725 2969 κακά
739 2926 765 2969 ιδ
777 2927 890 2983 πράσσεται
906 2930 927 2967 0.
944 2929 1058 2969 Subindec:

132 2991 151 3024 2.
181 2982 313 3038 ἀποπληροῦν
328 2985 348 3023 G.
592 2988 652 3027 Malim
669 2989 699 3033 „in
715 2990 797 3028 omnihus
814 2991 861 3029 enim
877 2989 1006 3027 contremisci

133 3048 151 3084 3.
180 3045 206 3084 lta
222 3045 234 3084 S
251 3044 428 3094 suffragante0,
422 3058 441 3084 nr
457 3050 492 3096 cuj.
478 3060 567 3097 J.marg
624 3052 641 3086 6
671 3062 692 3088 τε
707 3047 811 3088 inseruit.
832 3050 853 3088 0.
884 3048 934 3086 Idem
955 3060 991 3087 om.
1015 3049 1057 3087 vbb.

104 3116 202 3144 scarnen
218 3104 288 3144 notavit
305 3099 353 3151 ι’σας
370 3104 404 3145 δεῖ
437 3105 519 3155 ApudC
539 3104 567 3147 δέ-
593 3101 845 3156 teneraetenerae
861 3102 923 3152 αὐτὸς
939 3101 1058 3150 derideor

105 3165 175 3215 δῶμεν.
593 3162 673 3205 ἐκεῖνον.

133 3224 153 3269 4
183 3221 208 3263 Ita
223 3224 237 3263 0
254 3236 270 3264 c.
286 3224 308 3278 S,
322 3221 503 3282 πουδανάμεδαῡ
504 3254 509 3266 .
624 3226 642 3266 7.
672 3222 765 3266 νενικέιαι
781 3225 802 3266 0.
