2276 3612
536 241 577 284 169
899 241 929 288 vt,
946 242 971 277 ts
983 242 1038 278 --2l.

73 360 208 420 εγιπλάκνυσι
224 360 259 404 καὶ
275 359 316 403 666
331 357 373 403 νου
388 351 429 412 τήν
443 353 569 410 πρόνοιαν,
592 351 621 406 οἷς
636 352 779 414 ‹66666666666
796 354 833 398 καὶ
850 348 904 400 τούς
920 350 983 397 πάνυ
999 369 1038 432 00,-

74 425 274 488 66666666666666'6
304 443 368 485 ιιεις
384 424 408 468 δε
424 439 466 478 φα
468 441 501 469 666
517 441 573 480 προς
590 442 686 476 αυισυς
703 445 725 471 66
740 445 784 482 μιν
800 428 823 477 ιε
839 438 976 478 αοκσγιακσυ
993 439 1038 476 (γυ

73 515 125 548 σονς
140 495 152 542 6
167 493 250 556 κάσγιος
264 499 369 556 γένονεν,
390 494 437 574 πάι
456 494 488 537 ἔτι
510 489 637 551 άναλογιαν
653 497 687 540 καὶ
702 497 766 550 τάξιν
782 500 887 554 οἱλνγιρον,
910 490 969 548 άπερ
989 486 1037 537 6666

73 567 146 626 μάνης
153 564 264 626 άπερβολ
267 564 349 623 λσάσνγς
365 561 491 622 φρονήσεως
506 566 615 621 γενέσθαι
630 564 752 610 δυνατόν
743 585 816 619 εστιν,
832 585 867 611 και
863 563 1038 619 ῑῇ-κακαλιγφθι

74 655 111 684 ναι
127 635 172 684 6666
188 639 314 722 ἐπιστήμης
329 638 368 692 τῆς
382 633 456 722 ,ιιόννγς
472 636 545 678 ταυτα
561 630 672 691 α’κριβουν
688 633 815 695 δυναμένας
820 653 828 689 3
851 639 871 681 66'
887 635 911 680 δὲ
928 630 1051 691 φθονήσαι

73 704 108 753 κά
118 709 195 756 πάντα
209 710 252 765 κήν
268 705 394 787 σύγκρασιν
407 706 442 749 καὶ
458 700 608 760 διακόσμησιν
624 704 753 761 σιληφεν,
741 724 795 762 οπερ
811 703 900 764 άνάγκιγ
915 723 948 761 ,6667
943 699 1038 751 άλλως

73 784 143 840 ὲγειν,
159 797 205 830 ποις
220 784 253 824 ἔτι
269 782 291 821 ἐκ
307 777 348 821 του
365 773 499 857 αὐτομάτου
514 776 632 831 συιιβήναι
649 775 721 819 τούτο
737 777 844 831 γενεσθαι
861 770 991 821 δυναιδντ
977 788 1020 832 ιγνὶ

130 852 173 894 ΧΧ.
205 850 235 894 Οἱ
257 862 336 892 κσινυν
357 840 385 889 τά
408 850 461 889 δεῖν
483 845 519 889 ἐπὶ
542 839 569 888 66
592 843 683 904 αἰσχράν
705 842 873 903 άλλκγοσῆσοιῙ
889 843 1038 903 θελήσαντες,

75 921 122 967 οἶον
137 918 179 978 τάν
198 919 275 999 Μῆτιν
290 916 456 972 καταποθῆναι
471 911 519 960 6666
534 913 599 967 Διός,
622 918 654 965 εἰς
678 911 778 970 άνισρίαν
800 912 989 1003 ἐμπεπτώκασιν,
1013 913 1038 959 οά

74 992 199 1044 συνιέντες,
213 987 248 1033 666
264 991 286 1032 οἱ
301 986 400 1043 πλαγίας
416 978 622 1041 φασισλογνσανκες
638 985 689 1041 περὶ
710 985 771 1028 6666
793 985 829 1029 καὶ
845 981 871 1029 66
891 985 949 1030 εἶναι
965 983 1062 1035 δεσάςισ

74 1059 222 1118 άνγοιγκααιν,
238 1075 266 1103 κα
260 1054 329 1115 εὶδιγ
345 1052 421 1102 66666
437 1051 473 1101 διά
490 1058 531 1113 τάς
547 1052 604 1113 άλλη
590 1056 683 1114 ηγσρίας
699 1059 731 1107 εἰς
745 1051 786 1105 666
801 1057 842 1101 τοῦ
857 1056 943 1112 κόσμου
960 1051 1037 1104 ου’σίοι

52 1132 53 1135 ’
74 1128 227 1178 διαλύσαντες,
264 1122 424 1182 πιθανώτερον
446 1120 488 1170 σάν
511 1126 597 1182 λέγειν,
618 1123 655 1171 666
678 1130 700 1170 οἱ
714 1122 753 1170 666'
769 1122 845 1173 αὐτῶν
861 1124 969 1185 άδάγιονσι
987 1128 1036 1170 θεοὶ

74 1200 138 1244 κακοί
153 1216 215 1250 τινος
229 1196 334 1255 γεγόνασι
349 1195 431 1253 γοάγσι,
448 1199 530 1244 οἵτινες
544 1192 691 1251 άνδραπσι”
680 1212 743 1245 οντες
754 1197 883 1256 μοχθηροί,
899 1196 1007 1275 ιιαγείιγγ
998 1213 1037 1250 γ·ιι

73 1270 205 1354 ταγισριγσύγ
204 1287 262 1315 ιευσι
278 1266 317 1325 γάγ
308 1283 366 1324 ,nove
386 1267 486 1317 διέλυον,
507 1265 573 1322 strove
592 1265 748 1323 διέφθειρον,
746 1278 799 1317 τοῖς
819 1267 843 1311 66
863 1262 935 1311 πάλαι
951 1262 992 1309 0666
1008 1269 1038 1309 σι’·

74 1335 120 1384 δάαι
136 1340 158 1385 66¹
174 1334 224 1384 6666
240 1337 305 1383 ἐστι2
319 1354 417 1393 perpere,
437 1333 492 1379 διΗ
479 1353 510 1379 σιν
525 1339 639 1392 ὲπρακτσν
656 1332 783 1383 ἐδόκουν
762 1353 820 1384 ειναι
837 1338 901 1382 δεον
925 1337 957 1381 άν
978 1332 1062 1384 666615

74 1411 150 1461 πόλεις
167 1411 203 1455 καὶ
221 1413 242 1454 οἱ
258 1406 326 1466 μόρον
341 1408 414 1452 καὶαι
429 1402 499 1462 τάφοι
516 1408 647 1461 φαίνονται.

131 1480 183 1525 ΧΧΙ.
214 1476 304 1524 Λάκῖκα
319 1477 391 1535 γοῦν,
410 1471 438 1525 οἷς
453 1476 491 1520 καὶ
507 1475 587 1522 άλλοτε
602 1476 681 1530 οἶκον,
703 1478 728 1520 ἐν
747 1486 794 1526 τοῖς
815 1477 956 1527 Καυκασισις
979 1475 1037 1534 ὅριοι

74 1549 165 1610 Κρόνου
180 1549 242 1599 τινὸς
257 1547 337 1606 σήμαό
353 1542 478 1609 άνδράπσυ
493 1545 618 1599 δείκνυται,
642 1542 756 1602 τυράννου
771 1543 850 1603 άγρισυ
866 1548 903 1592 καὶ
920 1547 1038 1593 τεκνοκτό-

73 1695 180 1735 innectunt
196 1703 280 1746 quoque
295 1690 369 1732 mentis
383 1687 546 1742 providentiam,
570 1693 592 1729 ut
612 1692 633 1729 et
653 1699 690 1729 eos
711 1687 746 1742 qui
762 1689 845 1731 omnino
861 1690 943 1743 sapiunt
959 1692 1039 1744 possint

74 1765 178 1818 abripere.-
213 1762 257 1804 Nos
273 1766 340 1807 autem
356 1760 380 1801 ad
397 1759 442 1801 iilos
463 1759 558 1801 dicimus:
583 1759 599 1801 si
615 1758 702 1801 mundus
718 1771 729 1799 a
747 1764 820 1800 natura
836 1759 922 1801 fortuito
937 1767 1063 1814 operantem

34 1831 35 1834 ’
73 1836 138 1877 faetus
155 1838 196 1888 est,
213 1831 318 1886 quomodo
331 1832 373 1885 Jam
388 1830 544 1883 proportionem
561 1840 585 1869 ae
601 1829 694 1870 ordinem
709 1829 794 1882 aceepit,
810 1841 856 1869 cum
872 1830 892 1870 id
909 1843 920 1871 a
936 1832 981 1872 seta
998 1844 1038 1873 ex-

74 1906 161 1947 cellente
177 1903 285 1958 prudentia
301 1902 345 1943 fieri
361 1906 434 1955 queat,
454 1906 517 1954 atque
533 1899 680 1953 comprehendi
696 1912 707 1939 a
722 1899 766 1941 sota
782 1899 867 1941 scientia
889 1900 941 1942 baec
956 1914 1038 1955 perno-

73 1988 134 2017 scere
149 1987 173 2016 ac
187 1974 289 2028 perficere
304 1973 401 2015 valente?
433 1971 492 2021 Quod
513 1971 529 2012 si
545 1971 642 2012 universa
658 1982 669 2010 a
684 1969 792 2023 prudentia
808 1978 934 2024 acceperunt
950 1985 1037 2028 compa-

73 2058 121 2101 gem
137 2050 158 2087 et
172 2045 339 2099 dispositionem,
355 2042 411 2098 quod
427 2042 548 2083 necessario
566 2041 624 2082 aliter
640 2051 664 2082 se
679 2039 756 2081 babere
772 2052 814 2082 rron
829 2044 905 2098 potuit,
922 2056 963 2097 quo
975 2050 1037 2097 pacto

74 2115 140 2157 adhue
155 2115 254 2169 possibile
269 2115 314 2169 fuit,
330 2120 351 2156 ut
366 2114 418 2155 baec
434 2124 484 2154 casu
499 2112 544 2153 fieri
560 2110 706 2165 contingeret?
923 2153 924 2156 ,
1042 2120 1061 2153 25

130 2186 173 2228 XX.
206 2186 244 2235 Oui
260 2198 312 2240 ergo
335 2186 422 2228 deorum
442 2189 501 2238 gesta
521 2182 647 2236 turpioribus
669 2182 774 2237 allegoriis
794 2183 905 2225 voluerunt
928 2184 1037 2239 explicare,

74 2259 141 2313 vetut,
156 2257 218 2299 tttedr
235 2269 246 2298 a
261 2257 314 2298 Jove
329 2256 393 2298 fuisse
410 2256 538 2308 absorptam,
559 2254 572 2294 ii
588 2254 608 2293 ιιι
625 2254 731 2306 angustias
746 2253 872 2307 inciderunt,
892 2255 959 2308 ignari
976 2256 1037 2311 quod,

75 2330 109 2383 qui
125 2329 150 2370 de
166 2327 204 2370 diis
226 2340 252 2368 ex
267 2327 351 2381 obliquo
372 2326 468 2381 physicas
484 2324 614 2379 protulerunt
632 2323 822 2380 interpretationes,
842 2324 930 2367 deorum
954 2338 1038 2380 quoque

74 2401 165 2454 ipsorum
182 2398 322 2451 exsistentiam
338 2397 478 2450 sustulerunt,
494 2406 567 2436 eorum
582 2405 661 2448 genera
676 2406 714 2447 per
730 2394 849 2449 allegoriam
861 2395 885 2435 in
900 2396 970 2436 mundi
986 2398 1038 2439 sub-

75 2472 158 2514 stantias
174 2468 314 2511 dissolvendo.
345 2467 477 2510 Verisirnilius
494 2477 545 2520 ergo
562 2468 604 2518 est,
628 2463 708 2518 dicere,
725 2465 781 2518 quod
804 2466 829 2506 ab
849 2466 873 2507 iis
894 2466 997 2508 decantati
1012 2467 1063 2508 6660

76 2539 156 2595 quidam
172 2540 256 2582 fuerunt
271 2539 359 2593 improbi
374 2538 428 2592 magi
434 2570 439 2592 ,
460 2537 495 2590 qui
514 2548 561 2577 oum
581 2539 651 2576 essent
667 2534 761 2576 homines
776 2548 875 2591 nequam,
898 2548 936 2589 per
951 2538 1038 2591 magiam

75 2611 214 2655 transformati
229 2610 357 2651 matrimonia
373 2609 510 2661 diremerunt,
526 2608 587 2650 :virae
603 2606 694 2647 rationes
709 2607 818 2662 vitiarunt,
838 2607 944 2649 veteribus
964 2613 1038 2662 autem,

75 2686 110 2739 qui
125 2682 245 2725 nesciebant
260 2680 308 2733 quid
325 2684 381 2722 esset
396 2679 469 2732 magia,
484 2682 570 2731 proper
539 2676 618 2718 titia
632 2687 685 2729 quae
701 2674 814 2733 faciebant,
831 2678 858 2718 dii
873 2690 920 2720 esse
934 2677 1037 2729 visisr'mt,

75 2767 164 2811 quorum
177 2753 270 2795 interitus
286 2756 306 2792 et
321 2751 416 2805 sepulcra
431 2762 469 2804 per
485 2749 548 2791 urbes
564 2753 682 2789 cernuntur.
752 2751 755 2757 ’

87 2848 88 2851 =
133 2823 184 2866 XXI
215 2822 260 2863 Jam
276 2833 327 2875 ergo
343 2823 396 2864 sicut
412 2821 461 2863 alias
477 2825 509 2861 re
502 2820 543 2874 ub
559 2831 580 2860 m
593 2818 696 2859 Caucasus
712 2824 769 2860 mou
762 2819 816 2860 rbus
829 2821 944 2862 ostenditur
956 2819 990 2862 Sa
992 2821 1063 2862 urm³5

76 2896 181 2953 cujusdam
196 2890 306 2935 hominist
299 2891 394 2946 tumulus,
409 2890 471 2932 ferit
463 2891 545 2945 tyranni
561 2902 584 2930 ao
599 2888 732 2930 liberorumi
734 2890 871 2933 nterfectoris
902 2890 1037 2946 Cujusfitius,

106 3044 123 3079 1.
154 3036 293 3091 ἀλλιγγσρῆθ.
598 3039 617 3074 3.
647 3037 727 3074 HaneCi
738 3039 922 3085 conjecturamexpr.
934 3037 953 3085 S,
972 3035 1036 3089 σχῆμά

61 3126 63 3131 ·
105 3105 124 3138 2.
154 3096 204 3138 κακέ
219 3095 302 3137 ἐσκινθ.
329 3096 372 3133 Ταιο
388 3098 430 3134 vbb.
446 3109 545 3148 μικομοο-
568 3100 645 3144 uterque
661 3097 713 3137 item.
729 3098 798 3134 codex.

77 3156 172 3212 ςσοάμονσι
186 3153 262 3208 γάμους
282 3151 371 3200 διέλυον,
384 3153 441 3206 βίους
456 3153 544 3207 bratone.

79 3233 114 3270 ρον
128 3220 235 3267 repetuntur
250 3216 269 3254 iu
285 3214 299 3252 0
315 3219 411 3262 expuncta.
