2276 3612
543 223 584 276 345
890 233 944 283 uuir,
963 235 995 273 ιτ.
1013 234 1045 272 13.

83 343 125 395 σῶν
141 345 293 406 φοβούμενοι,
310 349 353 392 εἴτε
370 344 509 407 ἀγαπῶντες,
524 344 557 407 μη
571 345 721 406 οἷμαρτδνετε,
749 348 839 406 γένοιτο
856 347 881 392 δέ
897 344 1045 404 φοβούμενόν

83 436 134 464 τινα
150 414 239 473 η’δονῶν
262 415 354 475 talpae
369 427 458 477 κρατεῖν
479 414 603 472 δύνασθαι,
628 417 733 476 οἲλλέτρια
751 415 785 477 μη
804 423 941 475 ἐπιθυμεῖν,
964 418 1045 474 φιλοιν-

83 489 189 546 θρῶπίαν
205 485 291 541 δοκεῖν,
306 499 434 546 σωφρονεῖν,
450 485 640 548 δικαιοπραγεῖν
656 487 698 547 ὁρῶ
714 488 757 547 γάρ
773 507 837 539 τινας
849 488 935 540 οἷτελεῖς
946 490 975 544 τῶ
989 483 1045 545 πρὸς

83 556 154 606 αὐτὸν
170 557 250 620 ρῶβηι1
269 561 362 604 πλεῖστα
378 556 562 617 οἷμαρτδνοντας.
593 562 736 619 φοβηθῶμεν
752 556 794 605 σῶν
809 554 849 605 τῶν
867 557 940 613 Θεῶν,
955 557 988 617 μη
999 558 1045 615 μό-

82 647 123 675 νον
138 623 172 676 dci
188 630 273 679 δίκαιος
289 634 356 674 ἐστιν.
385 631 451 675 ἐλεῶν
466 626 509 688 γαρ
524 632 576 682 τους
592 628 742 690 ἠδικημένους
759 641 850 688 τιμωρεῖ
870 627 923 681 τούς
939 626 1061 689 dalenard-5

82 718 128 751 τας.
158 698 186 751 ῶς
202 696 244 746 οὖν
259 698 319 758 ῶδυρ
335 702 382 758 πῶρ
397 701 533 757 σβέννυσιν,
549 699 619 752 οὕτως
635 704 670 748 καὶ
688 699 760 760 φόβος
776 697 820 757 τήν
834 701 878 746 τῶν
899 702 973 747 κακῶν
993 704 1045 746 ἐπι-

65 771 170 828 θυμίαν
186 768 279 830 ῶναιρεῖ.
310 767 439 830 ὁοῖφοβίαν
455 767 563 815 διδάσκων
579 766 626 827 οὐδ’
643 768 712 820 αὐτὸς
734 773 848 829 φοβεῖται,
868 767 879 813 o‘
900 771 923 816 δὲ
942 767 977 829 μη
1001 787 1044 828 po-

80 840 196 900 βοῶμενος
212 841 263 887 odda
286 841 359 898 κρίσιν
380 845 473 888 ἔσεσθαι
495 837 609 893 πιστεύει,
630 839 671 890 τῶς
690 842 817 898 ἐπιθυμίας
842 838 902 893 αὔξει
908 876 916 895 ,
940 838 1044 908 μαγευει)

81 909 161 960 ἄλλους
177 907 210 968 ἐφ’
226 911 259 962 οἷς
275 907 344 962 αὐτὸς
361 909 456 969 πρῶσσει
473 910 598 969 διαβάλλει.

137 982 188 1026 Xlll.
222 983 302 1027 Ταῦτα
318 978 329 1026 ὁ
346 983 423 1039 Σίμων
439 978 526 1026 decuma
541 978 654 1038 ἐπικόψας
674 984 726 1039 ἔφη·
749 981 798 1028 οἶδα
820 977 877 1038 πρὸς
895 982 946 1026 τίνα
968 982 1068 1029 onducto

80 1055 161 1112 λέγεις,
176 1050 224 1100 dli*
241 1058 278 1099 ἵνα
294 1049 326 1111 μη
343 1047 410 1102 αὐτὸς
426 1049 453 1097 τοὶ
470 1047 529 1097 αὐτοὶ
545 1052 615 1110 λέγων
631 1048 687 1110 πρὸς
704 1048 729 1096 τὸ
746 1052 844 1112 ἐλέγχειν
860 1068 884 1096 σε
899 1050 993 1096 δαπανῶ
1003 1049 1044 1096 τὸν

79 1122 160 1185 χρόνον
175 1127 207 1174 εἰς
222 1121 236 1168 οἳ
252 1121 284 1182 μη
301 1125 373 1177 θέλω,
394 1121 450 1180 πρὸς
465 1120 492 1167 τῶ
512 1119 636 1178 ὁρισθέντα
658 1120 715 1180 ημῖν
732 1114 877 1179 detepuerat
914 1123 1043 1181 ἑπηγγείλοι,

79 1197 160 1246 ἱκανῶς
175 1187 305 1253 νενοηκέναι
321 1212 344 1239 σε
359 1192 387 1239 τοὶ
403 1195 444 1238 του
460 1191 593 1238 διδασκάλου
610 1209 650 1239 σου
665 1194 746 1251 λέγων,
761 1192 797 1238 ded
813 1191 838 1237 ed
855 1188 961 1250 παρόντα
977 1197 1043 1250 ἐναρ-

78 1268 143 1326 γείηό
158 1265 214 1325 ὀροῖν
229 1268 264 1311 καὶ
280 1262 372 1311 οἶκοῶειν
388 1262 470 1317 αὐτοῦ,
493 1264 529 1308 καὶ
551 1264 616 1322 ἑτέρῳ
635 1264 679 1308 τινὶ
695 1260 729 1320 μη
749 1258 848 1309 δυνατῶν
868 1263 926 1307 εἶναι
942 1259 1042 1322 ῶροῖματι

78 1335 92 1396 ἢ
108 1333 206 1397 ὁπτασιά
221 1341 282 1398 ἔχειν
297 1333 321 1383 τὸ
338 1335 426 1395 ὅμοιον.
457 1333 492 1382 ὅτι
508 1335 531 1380 δέ
547 1336 614 1379 τουτο
632 1332 714 1392 ψευδῶς
729 1339 801 1387 ἐστιν,
817 1334 884 1386 δείξαι.
915 1329 927 1378 ὅ
944 1334 1040 1392 ἐναργῶς
1047 1349 1066 1383 15

78 1403 164 1453 daldae
181 1406 243 1459 τινὸς
258 1405 286 1453 οὐ
300 1407 363 1453 uolua
378 1408 551 1464 πληροφορεῑται
566 1406 603 1449 ἐπὶ
620 1416 666 1455 τοῖς
682 1406 822 1462 λεγομένοις.
852 1407 895 1463 ἔχει
910 1399 952 1460 γδρ
965 1402 976 1447 ὅ
987 1405 1041 1452 roric

78 1475 150 1523 ου’τοῶ
167 1478 318 1534 λογίσασθαι,
332 1475 365 1534 μὴ
380 1475 423 1534 ῶρα
440 1474 561 1529 ψεύδεται,
575 1473 697 1533 ἄνθρωπος
715 1471 745 1519 ῶν
761 1470 786 1519 τὸ
802 1472 951 1530 φαινόμενον.
984 1468 998 1531 ἦ
1017 1474 1041 1518 δὲ

77 1544 174 1592 dococto
190 1545 240 1603 οἶμα
257 1551 286 1607 τῶ
302 1546 513 1605 &petractatum
527 1547 619 1606 παρέχει
642 1545 672 1604 τῶ
687 1543 780 1603 δρῶντι,
802 1542 836 1589 ὅτι
860 1543 953 1601 θειότης
973 1545 1041 1590 ἐστίν.

78 1615 134 1674 πρὸς
149 1614 217 1664 τοῦτο’
233 1637 273 1675 μοι
290 1622 379 1676 πρῶτον
396 1616 525 1673 ῶπῶκριυαι,

76 1771 123 1814 Sive
138 1772 201 1827 igitur
217 1770 285 1825 veriti,
306 1771 349 1812 sive
366 1770 482 1826 diligentes,
502 1783 527 1812 ne
546 1769 644 1824 peccetis.
680 1769 760 1811 Utinam
786 1774 854 1811 autem
874 1769 947 1812 timens
968 1770 1065 1824 aliquisto

76 1842 149 1884 illicitis
169 1840 313 1894 cupiditatibus
337 1839 461 1895 dominetur,
485 1841 551 1882 aliena
570 1852 612 1881 non
632 1839 746 1895 desideret,
768 1839 913 1882 humanitatem
937 1846 1041 1896 exerceat,

76 1918 192 1967 temperans
208 1912 244 1965 sit,
257 1912 314 1966 juste
330 1916 383 1965 agat.
414 1910 479 1953 Video
495 1911 548 1952 enim
571 1910 682 1952 nonnullos
702 1910 723 1951 in
743 1909 816 1951 timore
839 1911 882 1965 eJus
906 1910 1040 1964 imperfectos

75 1971 160 2037 plurima
175 1993 270 2036 peccare.
299 1980 371 2035 ltaque
386 1986 500 2024 metuamus
516 1980 593 2035 Deum,
609 1993 649 2022 nec
663 1986 741 2022 tantum
760 1982 808 2035 quia
825 1983 893 2036 justus
914 1987 951 2024 est.
988 1980 1039 2022 Nam

75 2054 148 2112 injuria
164 2052 284 2094 affectorum
300 2053 395 2094 misertus
410 2052 504 2106 injuriam
520 2051 632 2094 inferentes
646 2051 710 2106 punit.
741 2050 798 2094 Sicut
812 2052 875 2106 igitur
891 2064 943 2106 aqua
959 2052 1039 2093 exstin-

76 2126 119 2180 guit
133 2125 213 2179 ignem,
228 2124 256 2165 ita
272 2128 292 2165 el
307 2124 367 2165 timor
382 2123 513 2177 cupiditatem
527 2120 627 2163 malorum
646 2122 724 2164 evertit.
760 2122 798 2171 Oui
816 2123 895 2165 timoris
917 2123 1064 2175 vacuitatemtu

76 2198 145 2251 docet,
161 2207 231 2249 neque
248 2196 291 2249 ipse
307 2195 371 2236 timet:
393 2195 427 2249 qui
441 2207 492 2236 vero
509 2207 550 2236 uon
566 2194 631 2250 timet,
647 2207 716 2249 neque
730 2194 829 2249 Judicium
844 2193 890 2249 lore
908 2193 983 2249 crodit,
999 2206 1039 2234 eu-

74 2267 168 2321 piditates
183 2271 259 2321 auget,
276 2278 348 2320 magus
364 2270 404 2320 est,
419 2265 470 2307 alios
485 2266 505 2306 in
520 2266 555 2321 iis,
572 2265 684 2324 quaelipse
700 2264 760 2319 facit,
776 2265 901 2306 criminatur.
935 2254 938 2261 ¹

130 2336 180 2378 Xlll.
210 2337 245 2378 His
262 2337 347 2392 auditis,
363 2336 432 2379 Simon
448 2338 599 2392 interrumpens
617 2338 653 2379 ait:
677 2339 720 2381 scio
739 2338 764 2379 ad
782 2350 843 2392 quem
857 2338 896 2380 ista
912 2337 977 2380 dicas:
1001 2337 1039 2381 sed

74 2421 100 2451 ne
117 2420 156 2463 ego
174 2408 246 2449 eadem
262 2407 287 2449 ed
303 2414 323 2450 te
338 2408 505 2464 redarguendum
525 2403 613 2465 loouens
633 2415 713 2463 tempus
734 2410 849 2463 impendam
864 2410 885 2451 iu
900 2422 954 2465 quae
970 2409 1038 2463 nolim,

74 2479 99 2521 ad
115 2479 174 2521 nobis
190 2478 273 2520 definita
288 2480 400 2534 responde.
430 2479 531 2523 Gloriatus
548 2493 579 2536 es,
597 2492 620 2521 ac
638 2480 714 2535 dixisti,
730 2484 751 2521 te
767 2480 849 2521 abunde
864 2481 980 2536 intelligere
991 2480 1061 2521 illa-oo

74 2551 132 2604 gistri
146 2551 175 2590 tui
192 2562 239 2601 res,
256 2551 353 2603 quioniam
368 2563 468 2604 praesens
484 2551 551 2594 vidisti
567 2564 590 2593 ae
607 2550 687 2592 audiisti
710 2564 756 2592 eum
773 2551 891 2606 evidenter,
915 2564 953 2592 nee
975 2563 1037 2605 posse

74 2621 188 2675 quempiam
205 2620 265 2661 alium
281 2621 345 2663 simile
362 2622 410 2676 quid
430 2634 467 2675 per
491 2628 594 2676 spectrum
615 2627 650 2663 aut
665 2622 766 2664 visionem
787 2621 871 2664 habere.
909 2622 968 2671 Quod
986 2634 1036 2664 vero

73 2691 113 2734 lroo
129 2691 202 2733 falsum
218 2691 243 2733 sil
259 2691 372 2733 ostendam.
402 2693 440 2742 Qui
456 2681 511 2734 clare
527 2694 582 2735 audit
598 2693 692 2748 aliquem,
708 2705 751 2734 non
767 2694 822 2734 omni
839 2699 934 2748 exparte
949 2704 1036 2748 persua-

73 2763 133 2805 detur
148 2762 174 2804 de
190 2762 254 2804 dictis,
285 2761 351 2804 Habet
367 2764 420 2804 enim
436 2776 493 2805 meus
509 2765 553 2819 eJus
570 2764 674 2819 cogitare,
693 2775 742 2804 uum
758 2763 791 2805 ille
808 2765 928 2820 mentiatur,
951 2768 1035 2816 utpote

73 2833 144 2889 homo,
160 2832 274 2875 secundum
291 2833 346 2886 quod
362 2839 453 2888 apparet.
490 2834 517 2875 At
532 2835 595 2889 visio,
618 2833 676 2875 simul
692 2846 716 2874 ac
730 2835 824 2891 contigit,
839 2836 900 2877 fidem
919 2836 966 2876 lacit
985 2838 1061 2877 cer-³5

73 2905 138 2960 nenti,
155 2904 212 2959 quod
225 2903 323 2946 Divinitas
339 2904 371 2946 sit.
401 2905 433 2947 ud
448 2905 487 2947 boc
503 2906 552 2947 mihi
567 2906 653 2961 primum
668 2905 780 2958 responde.

102 3127 120 3163 1.
151 3124 197 3162 Usus
214 3125 289 3173 requirit
304 3123 339 3163 κοῶ
355 3147 383 3154 —
399 3125 470 3180 εροβοῶ.
486 3128 505 3168 S.
594 3128 612 3163 3.
643 3125 669 3163 lta
686 3126 718 3176 Gl,
735 3123 820 3179 ἐνεργείᾳ
836 3126 850 3163 C
866 3126 886 3163 0.

102 3188 121 3222 2.
152 3178 261 3235 ἀπόκριναι
280 3185 328 3232 conj.
345 3185 367 3233 C,
388 3182 540 3239 ἀποκρίνασθαι
594 3186 612 3220 4.
645 3180 740 3236 ὀφθῆναι
753 3186 772 3222 C.
803 3180 899 3234 θεότητος
918 3197 936 3234 p-
953 3183 1035 3239 θειότης

73 3247 148 3292 uterque
164 3243 216 3281 llom.
232 3242 277 3281 dod.
567 3245 683 3282 commendat
699 3245 717 3282 S.
748 3243 784 3281 Cir.
800 3243 852 3282 llom.
867 3244 922 3294 XVll,
940 3246 958 3286 5,
