2276 3612
117 220 147 270 m,
164 224 258 263 ae-ea.
462 227 465 231 ’
576 219 618 266 250

117 332 170 391 ὀραι
186 332 293 389 donnana,
311 332 323 381 ὀ
338 335 361 381 dt
376 332 403 381 τοί
420 339 459 389 ἔξω
474 336 592 394 καθαίρων
597 372 604 391 ,
619 334 675 394 πρὸς
688 330 834 394 οίνθροίπων1
850 333 889 383 τόν
908 342 1004 384 ἔπαινον
1017 336 1075 397 ἀφο-

117 406 162 460 ρων
176 408 245 451 τοῦτο
261 415 330 459 ποιεῖ,
345 406 382 450 καί
399 406 484 465 ἐπαίνῳ
499 407 544 451 των
560 406 711 466 ἱστορούντων
726 405 786 462 παροί
802 409 831 465 τῷ
848 405 898 466 Θεῷ
914 405 980 453 eddim
996 410 1047 469 ὲήει.

175 476 236 518 XXX.
271 475 322 522 Τίνι
338 477 361 521 δὲ
377 472 405 522 ου’
421 476 539 532 φαίνεται,
559 476 593 522 ότι
614 477 713 536 κρεῖττόν
728 481 773 522 ἐστι
788 479 876 534 γνναικί
897 481 922 523 ἐν
941 480 1077 537 γυναικείοις

118 544 175 604 adop
193 540 226 603 ,ειη
246 548 375 599 σωνελθεῖν,
397 542 453 592 ω’λλοί
477 548 623 608 καθαρθείση
642 549 679 593 καί
693 549 860 607 βαπτισθείσης
881 543 937 595 σίλλοί
960 549 996 592 καί
1016 549 1075 604 petat

92 622 101 655 ὃ
118 616 236 660 κοινωνίαν
249 616 406 673 βαπτίζεσθαι
422 615 460 660 θεῖ.
491 620 510 662 εἰ
528 619 550 663 ct
566 620 635 665 τούτο
650 630 722 666 ποιεῖν
737 614 829 670 ὀκνεῖτε,
845 615 1013 676 α’ναπολησατε,
1029 622 1077 671 πως

115 681 143 727 τοί
159 686 198 742 της
213 682 304 742 ιίγνείας
320 686 377 742 ριέρη
393 684 549 741 petendum,
568 687 604 734 ὅτε
625 687 775 746 σ’ναιοθητοις
790 687 887 737 εἰείοίλοις
906 687 1076 745 ε’θρηοκεόετεῖ.

115 753 255 813 αἰσχύνθητε
270 754 304 799 ὅτι
320 757 436 807 ἐνταῦθα,
452 755 511 803 dccc
526 762 602 817 εἠρην,
620 760 646 805 ον’
661 757 687 804 τὸ
703 762 780 804 κλεῖον
795 760 860 816 λέγω,
876 755 932 803 α’λλιί
948 758 1023 816 μόνον
1039 764 1075 808 καί

114 821 167 867 ὅλον
182 821 209 869 τὸ
224 827 262 880 της
277 823 370 884 ἁγνείας
386 824 553 882 opacitatem,
569 825 710 886 ὀκνηρότεραι
725 829 826 887 γίνεσθε.
862 826 959 885 νοήσατε
977 826 1019 877 οὖν
1036 830 1077 877 τόν

114 893 231 951 instripida
247 896 401 952 πεποιηκότα,
417 898 452 943 καί
469 899 654 956 ίιωνοηθησεοθε
669 898 704 949 τίς
719 903 781 945 ἐστιν
796 894 808 943 ὀ
823 899 926 964 ἐνταῦθα
942 895 1009 945 ὄκνον
1020 897 1075 958 πρὸς

89 960 209 1021 ruotpertum
224 962 283 1021 ὀγιῖν
298 966 427 1024 papamet.

172 1035 243 1079 XXXI·
271 1034 334 1082 Ἀλλ’
355 1042 399 1094 ε’ρεῖ
413 1056 447 1088 τις
466 1038 543 1095 κίμων·
564 1038 605 1099 χρη
629 1035 673 1084 οὖν
693 1037 757 1097 ἡμεῖς
778 1050 850 1086 ποιεῖν
869 1038 911 1085 ὅσα
933 1044 957 1085 ὲν
980 1039 1076 1090 εἰθοίλοις

114 1110 253 1164 ε’ποιοτλγιεν,Ι
277 1109 336 1165 φηγιί
357 1127 405 1162 σοι,
424 1107 464 1169 οὐχ
485 1108 539 1162 ὅλα,
567 1108 615 1156 αλλ’
635 1108 676 1155 ὅσα
697 1112 770 1161 καλῶς
788 1115 895 1162 ἐποιεῖτε,
914 1111 950 1155 καί
972 1111 1074 1156 ἐνταῦθα

114 1182 199 1222 πλεῖον.
229 1175 241 1220 ὀ
258 1195 278 1222 τι
293 1174 336 1234 γοίρ
351 1174 381 1222 σ’ίν
397 1180 466 1228 καλῶς
481 1181 572 1236 γίνηται
587 1184 609 1224 ἐν
625 1197 652 1237 τη
668 1180 758 1240 πλοίνη,
778 1176 824 1225 dud
843 1180 882 1237 της
902 1178 1013 1237 οἷληθείας
1033 1180 1073 1240 ἦρ-

113 1266 191 1304 τηται,
206 1246 233 1297 τίς
249 1251 267 1292 εἰ
284 1247 322 1292 καί
337 1267 359 1293 τι
376 1253 399 1293 ἐν
412 1250 442 1307 τη
457 1246 552 1307 ὀληθείςι
567 1251 637 1299 κακῶς
652 1250 752 1306 γε’νοιτσ,
775 1245 820 1295 οίπό
840 1248 879 1306 της
900 1246 988 1306 κλίνης
1005 1253 1073 1298 ἐστίν.

88 1315 243 1375 15οίπολιίβετε
258 1314 300 1364 ode
314 1314 380 1374 ιίγιων
396 1318 546 1380 πανταχόθεν
567 1316 595 1363 ud
614 1320 674 1374 ίίιω,
691 1318 724 1377 ,κη’
745 1317 773 1364 τοί
789 1314 908 1376 οίλλότριω,
929 1320 966 1366 καὶ
987 1319 1021 1378 Ιειη
1041 1323 1073 1367 λε’-

112 1407 174 1446 γετε,
190 1392 247 1434 εἴτι
263 1390 371 1434 ποιοῦσιν
387 1395 408 1435 οἱ
424 1391 598 1448 πεπλανημένοι
612 1390 689 1442 tutta,
705 1400 778 1435 ποιεῖν
789 1388 831 1436 οιίκ
843 1385 972 1448 ὀφείλομεν.
1001 1390 1073 1449 τοτίτφ

113 1456 155 1516 peip
171 1462 200 1518 epi
217 1459 285 1519 λόγῳ,
301 1457 340 1504 tete
356 1460 388 1516 μη
405 1458 492 1517 φονεκίη
508 1477 541 1509 τις
557 1460 635 1506 attera
651 1461 735 1517 σέβων,
751 1458 856 1516 φονεύειν
871 1455 1003 1518 ὀφείλομεν,
1019 1457 1073 1510 ὅτιό

114 1534 138 1573 ἐν
154 1526 231 1588 πλοίνη
246 1527 276 1574 ὀίν
292 1526 319 1574 ον’
334 1528 454 1585 φονετίειό,Ι

171 1600 250 1643 XXXII.
286 1595 352 1659 Odp'.
383 1597 459 1645 dritt-
480 1600 505 1646 τὸ
526 1603 616 1655 πλεῖον,
640 1601 679 1646 ἐοίν
702 1606 722 1647 οἱ
741 1604 765 1646 ἐν
787 1597 863 1660 πλοίνη
883 1598 917 1658 ,κη
940 1600 1072 1658 φονειίωσιν,

88 1742 218 1784 auertet-iera
233 1748 319 1796 purgat,
336 1741 360 1783 ad
376 1732 479 1784 hominum
494 1741 565 1785 laudes
582 1741 689 1796 aspiciens,
705 1741 724 1783 id
740 1742 788 1797 agit,
804 1754 828 1784 ae
843 1746 928 1796 propter
944 1742 1071 1784 cernentium

113 1813 184 1856 laudes
200 1813 248 1854 nihil
264 1826 275 1854 a
290 1814 335 1855 Deo
352 1814 429 1867 recipit.

171 1884 232 1925 XXX.
263 1883 300 1925 Cui
315 1896 366 1925 vero
382 1897 423 1926 nou
440 1889 535 1937 apparet,
553 1884 625 1927 metius
642 1895 689 1926 esse
705 1884 730 1927 ad
746 1883 852 1924 mutierem
868 1888 972 1931 menstrua
987 1883 1070 1936 patien-

112 1959 153 1995 tem
169 1966 212 1996 non
227 1954 340 2009 accedere,
355 1954 392 1997 sed
408 1953 433 1995 ad
448 1953 575 2007 purificatam
589 1954 704 1995 ettotam?
735 1953 822 2007 Oportet
847 1954 907 1995 etiam
927 1958 975 2007 post
990 1964 1071 1994 coneu-

112 2024 174 2066 tritum
190 2026 259 2067 lavari.
291 2025 351 2074 Quod
366 2026 383 2067 si
399 2024 438 2066 hoc
452 2023 521 2066 facere
537 2036 576 2066 vos
590 2026 658 2080 piget,
675 2026 741 2067 animo
758 2025 856 2079 repetite,
873 2036 914 2078 quc
929 2028 989 2078 paeto
1005 2025 1070 2065 casti-

86 2096 193 2136 tomoniae
208 2096 276 2136 munia
290 2095 482 2149 prosequebamini,
499 2094 582 2148 quando
598 2106 673 2137 sensus
689 2095 781 2149 expertia
800 2094 855 2136 idota
875 2094 980 2136 colebatis.
1015 2095 1070 2137 Eru-

112 2167 197 2221 nescite,
213 2166 269 2219 quod
287 2166 325 2219 tric,
341 2166 375 2206 ubi
391 2166 488 2220 oportuit7
505 2177 546 2206 non
563 2165 608 2207 dico
625 2166 730 2220 maJorem,
746 2165 783 2207 sed
799 2165 923 2219 singularem
934 2171 954 2207 et
968 2166 1069 2221 integram

112 2236 206 2288 ampiecti
222 2235 346 2289 castitatem,
362 2235 472 2289 segniores
489 2235 544 2276 estis.
575 2233 669 2289 Cogitate
685 2235 747 2289 igitur
763 2247 820 2289 eum,
841 2236 875 2288 qui
895 2248 932 2278 vos
955 2235 994 2276 illic
1016 2249 1069 2278 con-

111 2307 214 2359 stituerat,
231 2310 251 2345 et
268 2305 384 2359 intelligetis
401 2304 493 2359 quisine
509 2305 568 2347 vobis
584 2306 691 2360 segnitiem
708 2306 732 2347 ad
748 2306 887 2347 castimoniam
902 2306 1000 2347 iunnittat.

169 2375 239 2418 XXXI.
270 2376 310 2418 Sed
326 2375 380 2417 dicet
395 2376 467 2429 aliquis
482 2381 583 2417 vestrum:
600 2380 682 2430 opertet
705 2389 755 2431 ergo
777 2389 815 2418 nos
834 2376 904 2418 faeere
928 2388 1070 2431 quaecumque

85 2457 104 2490 eo
111 2447 164 2502 apud
179 2446 234 2488 idola
250 2447 334 2501 egimus.
364 2446 402 2488 Aio
418 2446 462 2487 tihi:
478 2458 520 2488 non
537 2447 614 2502 omnia,
630 2446 667 2488 sed
684 2459 826 2501 quaecumque
843 2447 895 2488 bene
908 2447 1019 2502 sanctiatis,
1035 2453 1068 2489 at-

111 2531 152 2574 que
168 2518 201 2558 tric
216 2518 314 2571 majorem
329 2518 349 2558 in
371 2519 459 2559 modum.
498 2517 600 2570 Quidquid
622 2518 676 2559 enim
695 2518 748 2559 hene
768 2517 790 2558 fit
810 2518 830 2558 in
849 2529 932 2571 errore,
956 2518 1069 2559 pueritate

109 2589 199 2644 pendet,
215 2588 267 2629 sicut
282 2593 301 2629 et
317 2589 333 2630 si
349 2588 397 2642 ρειαί
412 2588 464 2629 mate
480 2588 514 2630 siat
529 2589 549 2628 in
565 2589 662 2642 veritate,
679 2600 706 2628 ex
721 2599 794 2629 errore
810 2588 871 2630 venit.
901 2588 992 2641 Recipite
1008 2589 1069 2644 igitur

110 2673 163 2714 [patae
180 2659 270 2712 miniique
286 2659 311 2700 ad
327 2672 364 2700 vos
380 2658 490 2713 pertinent,
510 2670 550 2698 non
567 2670 619 2712 quiae
634 2664 682 2700 sunt
698 2658 774 2712 atiena,
796 2664 816 2700 et
835 2671 861 2699 ne
881 2658 961 2701 dicatis:
983 2659 1000 2700 si
1020 2658 1068 2713 quid

50 2746 52 2751 ’
108 2726 712 2784 tornfaciuntquiet·t·ant,taee1·enesnondenenus.
753 2727 795 2769 Hac
815 2728 915 2783 siquidem
936 2729 1030 2784 ratione,
1051 2729 1068 2773 si

83 2815 151 2847 εεεοεε
168 2801 249 2844 occidat
266 2800 367 2841 idolorum
383 2800 455 2854 cultor,
472 2799 571 2841 debemus
587 2799 694 2853 occidere,
717 2799 763 2853 datia
779 2800 813 2853 qui
835 2802 856 2841 in
879 2813 952 2843 errore
972 2806 1067 2842 versatur

110 2888 151 2917 non
167 2872 256 2916 oceidit?

166 2942 246 2987 XXXII.
277 2941 365 2983 Minime:
387 2941 447 2982 inuno
461 2941 540 2996 potius,
561 2939 579 2982 si
593 2939 621 2981 iili
636 2939 671 2992 qui
687 2944 756 2980 errant
782 2940 912 2983 homicidium
927 2954 968 2983 non
984 2941 1066 2996 faciunt,

139 3115 157 3149 t.
186 3112 212 3148 lta
229 3109 243 3146 0
260 3121 275 3148 ο.
291 3109 313 3157 S,
330 3101 451 3155 ἀνθρώποις
467 3106 486 3144 G.
628 3104 647 3140 d.
679 3098 793 3155 Οόηίίίλλο
811 3104 834 3154 C,
851 3100 911 3156 Οὐχί,
937 3103 1064 3155 ιἰλλσὶὸ,ελ

138 3175 157 3207 2.
187 3164 317 3219 ε’·θρησκεόετε
334 3167 345 3204 S
363 3164 388 3211 0,
404 3160 523 3214 θρησκείεκε
539 3163 558 3200 C.
598 3163 637 3199 nus.
652 3162 764 3210 decurre
783 3176 832 3206 „nou
847 3163 872 3200 ita
889 3171 926 3215 est,
942 3166 993 3204 sed.U
1018 3166 1064 3203 Dein

140 3232 158 3269 3.
188 3229 230 3267 Post
246 3223 324 3278 φονεύει
339 3228 408 3275 puncto
424 3223 516 3273 distinguit
532 3223 551 3261 d.
599 3217 633 3261 ε’κλν
649 3221 672 3269 S,
688 3214 720 3261 ίνοι
735 3222 749 3260 0
766 3236 782 3264 ο.
799 3225 822 3271 Ο,
838 3222 868 3271 qui
884 3219 966 3275 coapta
982 3221 1000 3265 εἰ
1014 3221 1039 3264 ot.
