2276 3612
547 238 587 284 125
909 240 944 292 ru.
957 240 1049 279 νο-κν.

87 354 136 411 περί
150 349 385 415 ἕαυτὸνκτκτηαὲνος
400 352 532 413 παμμηνων
552 353 639 413 φύλλων
648 354 665 409 ¹,
685 357 740 412 ἔφη·
761 349 841 410 ἐπειδη
857 350 950 411 ’σφόδρα
969 355 1047 412 καῦμα

86 424 214 482 ἐπιφλέγει,
227 420 381 488 βραχύτῆςῖ
402 419 533 476 πύλαωςψοίς
548 422 619 481 ἐμούς
634 422 720 484 κηπους
734 419 929 484 ύποχωρήοωρκτν.
963 425 999 469 καί
1021 422 1047 482 (λη’

86 489 204 550 προϊόντες
226 495 373 557 ἐκαθέζοντο,
391 492 462 540 done
480 490 511 551 ἦν
530 490 622 553 καθαροί
646 495 737 555 ψυχρῶν
757 491 869 552 ναμύτων
884 491 988 551 ῥεύματα
1012 497 1048 539 καί

86 563 180 621 ολὲνιλρων
201 561 419 654 uovoor'orn9l9rpod
442 565 519 623 οκὲπη.
557 564 671 625 ’ἔνθα-ἐγω
687 563 788 622 ύομὲνως
806 561 1010 621 ἑκαθτζόμηνκαί
1026 568 1057 609 οἷ’

86 634 161 680 λοιποί
170 638 251 718 rue9l’
241 638 292 695 ηκὲ,
310 636 348 681 καὶ
363 633 524 698 ἡσυχάζοντος,
542 633 592 682 daal
613 638 654 694 της
674 631 798 694 μελλούσης
817 630 896 687 οἷξιούν
917 653 949 691 pre
965 635 1062 692 paruos

85 699 121 747 ded
137 722 178 752 του
194 702 339 762 domitent
319 724 328 750 s
341 724 351 756 ς
366 710 405 761 ἐμὲ
421 701 513 766 δῆλον
499 724 558 763 ηοαν
574 704 778 784 τηςυποοχεηόεως5
792 702 833 761 νην
845 700 988 806 οὶποολτιξιν
974 723 1046 751 αποι-

85 787 184 827 τουντες.
213 775 254 822 καλ
265 773 292 833 (λη’
308 774 379 827 οὕτως
395 777 467 834 λέγειν
483 773 595 834 ηρξοίρνην.

141 847 174 890 Xl.
206 845 285 904 Πολλοί
300 863 345 899 τις,
360 865 375 890 ω
368 841 471 904 οίνολρες
483 844 525 891 'lE
517 847 607 921 λληνος,
627 843 753 903 ηολιαφορύ
774 843 881 905 τυγχάνοι
895 803 1006 904 αληθείας
1022 865 1046 893 τε

84 916 122 960 καί
137 918 268 974 συνηθείας
297 915 372 974 ἡμὲν
387 913 429 973 γαρ
445 913 541 975 ἀλήθεια
556 917 653 974 γνησίως
668 915 795 973 ζητουμένη
816 911 954 971 stolonum,
979 914 1004 962 τὸ
1021 919 1045 963 dt

82 981 151 1038 ἔθος,
162 981 244 1036 ’ὁποῖον
259 982 288 1031 du
304 986 459 1044 παραληφθη,
474 988 519 1032 εἴτε
535 983 621 1047 o’tputs
637 988 682 1032 εἴτε
697 985 784 1038 ψευδές,
800 983 892 1041 α’κρίτως
907 984 945 1040 ύηί
960 991 1045 1033 ἑαυτου
1051 1002 1070 1036 lu

83 1053 230 1111 κρατύνεται,
243 1055 318 1101 καί
294 1073 348 1102 ουνε
363 1054 483 1113 αληθεῑῌ
472 1074 520 1102 οντι
536 1055 595 1103 αύτω
588 1054 717 1116 rpdsaur
705 1076 717 1103 ο
723 1054 886 1144 παραλαβών,
901 1054 954 1101 οὔτε
969 1060 1044 1111 ψευδεῖ

83 1121 188 1184 ύχθτται.
217 1142 244 1170 ου
259 1122 318 1182 γαρ5
333 1126 415 1185 κρίνοι,
436 1121 493 1173 αλλοί
493 1123 650 1224 6προληηντι
638 1146 650 1172 ο
666 1128 770 1178 τοιοῦτος
786 1124 1045 1187 meur'oeevuea,9ud919

83 1209 128 1239 των
143 1191 186 1254 προ
201 1194 274 1242 αὐτου
289 1192 323 1241 ἐπ’
339 1194 411 1255 οίοληλῳ
426 1195 503 1258 95995
526 1214 569 1255 την
586 1198 647 1247 ἰδίαν
667 1194 801 1248 ἕπιδεολωκως
820 1199 908 1244 ἐλωί-(λα
946 1200 982 1243 καί
1004 1194 1045 1242 ούκ

84 1263 131 1311 ἐστι
145 1266 223 1325 ῥηιδίως
238 1263 402 1314 απούύοαοθαι
418 1285 460 1325 την
476 1285 573 1325 πατριον
582 1269 745 1328 7ποριβολην,
765 1266 808 1314 κύν
830 1268 893 1329 ποίνυ
908 1265 969 1328 adopt
962 1268 1045 1313 deru-

83 1334 166 1393 νύηται
181 1332 244 1394 μωροὶ
259 1339 294 1383 καὶ
311 1338 476 1395 καταγέλαστος
491 1333 556 1385 odon.
992 1365 993 1368 ¹
1049 1353 1069 1387 lt

83 1550 201 1607 gantissime
216 1555 322 1606 ornatum,
338 1549 396 1593 dixit:
415 1547 586 1607 Quandoquidem
601 1552 742 1595 vehementer
752 1552 818 1595 adurit
833 1556 914 1607 aestus,
934 1552 1044 1606 paullulum

83 1634 94 1664 a
110 1622 191 1665 civitate
214 1621 239 1664 ad
254 1622 327 1665 hortos
342 1634 400 1665 meos
419 1619 547 1666 secedamus.
586 1623 612 1665 llt
632 1624 740 1679 progressi
761 1622 973 1679 παρελαύνω-αλκ
992 1636 1044 1679 pura

83 1697 141 1735 erant
156 1692 271 1748 gelidorum
286 1692 471 1749 latioum'iluenta²
492 1699 513 1736 et
523 1694 623 1736 arborum
645 1696 778 1749 omnigenum
799 1700 884 1749 tegmen
903 1693 975 1738 viride.
1014 1696 1044 1737 lhi

83 1778 123 1821 egro
138 1765 211 1807 lubens
227 1764 281 1820 sed1‚
298 1770 318 1806 et
332 1764 405 1818 reliqui
421 1765 475 1806 circa
491 1777 534 1817 ατς
551 1766 586 1819 qui
601 1766 694 1820 silentes,
710 1778 748 1820 pro
765 1777 819 1807 vooe
837 1777 878 1819 qua
899 1778 932 1807 me
944 1767 1070 1821 rogaturiao

83 1841 151 1887 erant,
167 1848 204 1890 per
219 1835 271 1877 fixos
286 1835 307 1876 in
322 1848 355 1877 me
372 1835 443 1877 oeulos
459 1835 514 1877 olane
529 1835 653 1878 videbantur
673 1848 734 1890 quam
755 1835 890 1890 promiseram
910 1835 1043 1880 demonstra-

81 1907 158 1949 tionem
172 1918 265 1961 poseere.
294 1904 366 1961 ltaque
382 1907 411 1949 sic
423 1900 486 1962 loqui
499 1908 566 1961 coepi.

138 1976 171 2019 Xl.
200 1976 261 2019 llulta
276 1981 316 2032 est,
331 1977 370 2019 viri
385 1977 465 2032 graeci,
485 1977 599 2020 differentia
618 1977 673 2019 inter
688 1975 797 2018 veritatem
819 1974 882 2031 atque
903 1979 1041 2022 eonsuetudi-

81 2052 134 2092 nem.
164 2049 244 2091 Veritas
260 2048 313 2090 enim
329 2048 410 2091 sineere
426 2047 519 2104 quaesita
534 2049 648 2092 invenitur:
664 2046 795 2089 consuetudo
807 2053 881 2103 autem,
898 2061 1041 2106 quaecumque

81 2124 204 2175 assumatur,
220 2131 257 2163 seu
267 2132 331 2175 nera,
347 2133 384 2163 seu
399 2120 459 2177 falsa,
474 2126 553 2163 temere
569 2133 581 2162 a
596 2133 619 2163 se
634 2119 678 2173 ipsa
694 2118 838 2170 confirmatum
854 2131 980 2174 nequeoum
991 2134 1068 2166 verano

82 2197 123 2248 est,
139 2191 227 2248 laetatur
241 2191 258 2233 is
275 2191 309 2245 qni
325 2192 417 2247 assumit,
433 2204 501 2246 neque
517 2205 562 2234 oum
577 2191 637 2246 falsa,
653 2190 794 2232 contristatur.
827 2190 874 2233 Non
891 2192 944 2233 enim
958 2193 1042 2249 Judioio,

81 2262 117 2305 sed
132 2268 248 2318 praesumta
271 2263 367 2318 opinione
383 2264 400 2305 is
421 2263 517 2319 credidit,
540 2263 619 2304 incerta
640 2261 706 2304 fretus
727 2260 820 2317 fortuna,
843 2263 945 2317 majorum
964 2264 1042 2307 scilieet

79 2334 153 2388 placito
169 2328 227 2377 suam
241 2334 304 2389 ipsius
320 2346 377 2389 spem
393 2334 489 2377 confisus.
518 2333 562 2375 Neo
577 2332 637 2374 facile
652 2337 684 2375 est
699 2345 777 2374 exuere
793 2332 940 2376 hereditarium
954 2341 1041 2378 senten-

80 2405 120 2448 tiae
136 2406 244 2461 amictum,
253 2405 301 2447 lieet
315 2406 334 2447 ei
349 2405 430 2459 penitus
446 2396 567 2448 ostendatur
582 2403 655 2445 stultus
671 2415 695 2445 ao
710 2402 814 2446 ridiculus.

137 2477 178 2521 Xll.
208 2477 253 2519 Jam
268 2473 335 2531 igitur
346 2489 387 2532 ego
402 2477 520 2519 universam
536 2474 663 2518 Graecorum
679 2473 793 2516 doctrinam
810 2474 856 2517 dieo
873 2488 920 2519 esse
933 2476 1066 2531 pernicio-ao

111 2577 129 2613 1.
159 2569 288 2626 παμμνούοων
305 2571 415 2626 φύλλωνῦ.
443 2573 495 2613 Prior
511 2584 548 2612 vox
602 2576 621 2612 2.
650 2572 676 2610 Ita
693 2572 707 2610 0
724 2583 740 2611 ο.
756 2573 779 2623 S,
795 2567 859 2626 βραχὺ
876 2571 898 2623 τῇ
915 2573 937 2624 G,
953 2572 1040 2622 quicun-

81 2633 135 2672 dubio
156 2634 221 2684 procul
239 2638 267 2672 est
289 2635 378 2685 barbara,
401 2646 435 2673 nee
457 2633 501 2672 satis
524 2633 548 2671 li-
570 2631 616 2682 jerit
630 2626 693 2684 βραχύ
709 2645 734 2669 τι.

81 2697 124 2741 quet
142 2694 185 2742 qnid
205 2693 228 2731 sit
249 2695 383 2741 reponendum.
416 2694 470 2731 Forte
496 2706 548 2742 παμ-
603 2694 621 2729 3.
651 2685 804 2734 ὑποθύσεωςὸ

79 2749 154 2804 μίκκων
177 2747 270 2804 φύλλων
293 2764 334 2790 nam
358 2758 424 2803 postea
448 2748 548 2791 παντοίων
602 2752 621 2789 l
650 2750 733 2800 ltaconj.
745 2749 784 2798 G‚'
779 2750 842 2797 rnouj.
850 2744 994 2800 οκλααληθὲς
1017 2749 1040 2787 Et

81 2809 167 2864 δένδρων
182 2810 297 2849 αοαίοἰλλ)
322 2812 433 2850 Crediderim
443 2810 482 2860 legi
491 2822 548 2860 posse
573 2796 707 2859 dumosa·
702 2820 720 2846 m
735 2820 794 2858 marg.
811 2809 886 2848 elman
903 2803 1038 2859 ίσωςαληθει.

80 2885 189 2923 παμμηνων
205 2867 297 2921 φύλλων,
314 2875 333 2907 ut
347 2872 472 2921 significentur
492 2871 548 2908 arbo·
603 2869 621 2906 5.
650 2862 688 2920 ηολρ
705 2879 741 2906 orn
758 2867 779 2906 0.

80 2941 110 2968 res
130 2943 164 2979 per
184 2942 247 2969 omnes
269 2940 342 2967 menses
362 2931 411 2969 foliis
427 2930 547 2976 abundantes,
602 2931 620 2965 6.
650 2922 697 2978 τύχη
718 2938 754 2966 om.
779 2928 833 2966 loen
854 2928 986 2974 Damascenis,
1009 2926 1040 2976 qni

81 2989 134 3027 etiarn
151 2990 210 3028 media
231 2993 306 3028 aestate.
322 2988 348 3026 [λλ.
382 2991 478 3027 Praeterea
501 2999 548 3026 oon-
571 2990 628 3024 totum
643 2991 698 3035 caput
712 2986 806 3036 repetiit
801 2999 819 3025 m
834 2985 899 3033 Eulog
882 2995 919 3023 etis
935 2989 990 3033 atque
1006 2988 1040 3025 de-

77 3049 175 3096 jactaverit
187 3049 251 3098 aliquis
266 3043 390 3099 παμμκρίων.
421 3049 458 3087 Sed
471 3047 547 3085 manime
571 3044 643 3083 lendam
659 3058 699 3084 eam
714 3058 780 3085 voeem
796 3045 887 3084 oensetD.
898 3045 916 3082 S.
938 3044 982 3083 Tum
997 3047 1038 3085 add.

79 3106 150 3158 placet,
167 3110 216 3157 quod
231 3105 439 3158 preposniiLobeolrius
452 3100 623 3156 igituruium
639 3116 655 3145 e.
671 3103 693 3144 0

79 3178 97 3215 p.
114 3170 161 3206 107.
186 3163 325 3219 παμπλούσιον
341 3161 430 3217 φύλλων
446 3168 469 3206 S.
495 3180 546 3219 παμ·
601 3166 620 3202 7.
650 3163 746 3216 πατρῴαν
765 3165 818 3201 Joatr.
838 3163 889 3200 Dum.
926 3162 970 3202 Tum
990 3164 1040 3204 deru-

78 3222 159 3277 μούσων
174 3223 293 3278 φύλλωνθ
571 3218 679 3275 νύηναι,
656 3226 668 3263 S
695 3220 794 3263 δείκνυται
810 3220 859 3258 00
