<?xml version="1.0" encoding="UTF-8"?>
<!DOCTYPE html PUBLIC "-//W3C//DTD XHTML 1.0 Transitional//EN"
    "http://www.w3.org/TR/xhtml1/DTD/xhtml1-transitional.dtd">
<html xmlns="http://www.w3.org/1999/xhtml" xml:lang="en" lang="en">
 <head>
  <title>
</title>
<meta http-equiv="Content-Type" content="text/html;charset=utf-8" />
  <meta name='ocr-system' content='tesseract 3.04.00' />
  <meta name='ocr-capabilities' content='ocr_page ocr_carea ocr_par ocr_line ocrx_word'/>
</head>
<body>
  <div class='ocr_page' id='page_1' title='image "MN41653ucmf_3_0234.png"; bbox 0 0 2276 3612; ppageno 0'>
   <div class='ocr_carea' id='block_1_1' title="bbox 137 242 637 297">
    <p class='ocr_par' dir='ltr' id='par_1_1' title="bbox 137 242 637 297">
     <span class='ocr_line' id='line_1_1' title="bbox 137 242 637 297; baseline 0.002 -11"><span class='ocrx_word' id='word_1_1' title='bbox 137 246 166 297; x_wconf 82' lang='lat' dir='ltr'>rx,</span> <span class='ocrx_word' id='word_1_2' title='bbox 184 249 284 286; x_wconf 70' lang='lat' dir='ltr'>ro-sn</span> <span class='ocrx_word' id='word_1_3' title='bbox 594 242 637 287; x_wconf 82' lang='lat'>210</span> 
     </span>
    </p>
   </div>
   <div class='ocr_carea' id='block_1_2' title="bbox 77 353 1098 1681">
    <p class='ocr_par' dir='ltr' id='par_1_2' title="bbox 77 353 1098 1681">
     <span class='ocr_line' id='line_1_2' title="bbox 136 353 1097 422; baseline -0.002 -17"><span class='ocrx_word' id='word_1_4' title='bbox 136 357 318 422; x_wconf 69' lang='grc' dir='ltr'><em>εὐχαριστήσατε,</em></span> <span class='ocrx_word' id='word_1_5' title='bbox 333 357 392 414; x_wconf 87' lang='grc' dir='ltr'><em>μετά</em></span> <span class='ocrx_word' id='word_1_6' title='bbox 408 360 450 402; x_wconf 80' lang='grc' dir='ltr'><em>του</em></span> <span class='ocrx_word' id='word_1_7' title='bbox 466 358 505 410; x_wconf 79' lang='grc' dir='ltr'><em>της</em></span> <span class='ocrx_word' id='word_1_8' title='bbox 520 355 610 417; x_wconf 73' lang='grc' dir='ltr'><em>εἰρήνης</em></span> <span class='ocrx_word' id='word_1_9' title='bbox 626 360 735 417; x_wconf 75' lang='grc' dir='ltr'><em>βασιλέως</em></span> <span class='ocrx_word' id='word_1_10' title='bbox 753 358 820 404; x_wconf 74' lang='grc' dir='ltr'><em>εἰσαεὶ</em></span> <span class='ocrx_word' id='word_1_11' title='bbox 836 359 880 405; x_wconf 83' lang='grc' dir='ltr'><em>τάν</em></span> <span class='ocrx_word' id='word_1_12' title='bbox 901 353 1033 415; x_wconf 79' lang='grc' dir='ltr'><em>άπορρητυν</em></span> <span class='ocrx_word' id='word_1_13' title='bbox 1053 360 1097 416; x_wconf 73' lang='grc' dir='ltr'>βα-</span> 
     </span>
     <span class='ocr_line' id='line_1_3' title="bbox 136 425 1098 488; baseline 0 -11"><span class='ocrx_word' id='word_1_14' title='bbox 136 429 279 478; x_wconf 71' lang='grc' dir='ltr'>σιλευόντεςἰ</span> <span class='ocrx_word' id='word_1_15' title='bbox 294 425 396 484; x_wconf 76' lang='grc' dir='ltr'><em>άγαθοίν.</em></span> <span class='ocrx_word' id='word_1_16' title='bbox 431 434 455 474; x_wconf 82' lang='grc' dir='ltr'>ἐν</span> <span class='ocrx_word' id='word_1_17' title='bbox 475 429 498 474; x_wconf 76' lang='lat' dir='ltr'>&lt;li</span> <span class='ocrx_word' id='word_1_18' title='bbox 514 430 543 485; x_wconf 81' lang='grc' dir='ltr'><em>τῷ</em></span> <span class='ocrx_word' id='word_1_19' title='bbox 565 430 674 486; x_wconf 83' lang='grc' dir='ltr'><em>παρόντι,</em></span> <span class='ocrx_word' id='word_1_20' title='bbox 696 428 798 488; x_wconf 75' lang='grc' dir='ltr'>αέννάφ2</span> <span class='ocrx_word' id='word_1_21' title='bbox 821 429 916 487; x_wconf 90' lang='grc' dir='ltr'><em>ποταμῷ</em></span> <span class='ocrx_word' id='word_1_22' title='bbox 933 426 946 486; x_wconf 72' lang='grc' dir='ltr'><strong><em>ἦ</em></strong></span> <span class='ocrx_word' id='word_1_23' title='bbox 965 429 1027 488; x_wconf 77' lang='grc' dir='ltr'><em>πηγῷ</em></span> <span class='ocrx_word' id='word_1_24' title='bbox 1047 433 1098 478; x_wconf 82' lang='grc' dir='ltr'><em>ἐπεί</em></span> 
     </span>
     <span class='ocr_line' id='line_1_4' title="bbox 136 494 1096 561; baseline -0.002 -15"><span class='ocrx_word' id='word_1_25' title='bbox 136 519 161 560; x_wconf 77' lang='grc' dir='ltr'>ηε</span> <span class='ocrx_word' id='word_1_26' title='bbox 176 500 219 546; x_wconf 86' lang='grc' dir='ltr'>κάν</span> <span class='ocrx_word' id='word_1_27' title='bbox 233 496 341 559; x_wconf 72' lang='grc' dir='ltr'><em>θαλάσση</em></span> <span class='ocrx_word' id='word_1_28' title='bbox 357 494 542 556; x_wconf 86' lang='grc' dir='ltr'><em>άπολσυσάμενστ</em></span> <span class='ocrx_word' id='word_1_29' title='bbox 559 501 596 544; x_wconf 78' lang='grc' dir='ltr'>ἐπὶ</span> <span class='ocrx_word' id='word_1_30' title='bbox 613 502 642 560; x_wconf 80' lang='grc' dir='ltr'><em>τῷ</em></span> <span class='ocrx_word' id='word_1_31' title='bbox 658 499 806 561; x_wconf 81' lang='grc' dir='ltr'><em>τρισμακαρία</em></span> <span class='ocrx_word' id='word_1_32' title='bbox 820 498 964 556; x_wconf 79' lang='grc' dir='ltr'><em>ε’πονσμασία</em></span> <span class='ocrx_word' id='word_1_33' title='bbox 980 497 1008 545; x_wconf 91' lang='grc' dir='ltr'>ου’</span> <span class='ocrx_word' id='word_1_34' title='bbox 1022 497 1096 556; x_wconf 85' lang='grc' dir='ltr'><em>μόνον</em></span> 
     </span>
     <span class='ocr_line' id='line_1_5' title="bbox 136 563 1097 629; baseline 0.001 -15"><span class='ocrx_word' id='word_1_35' title='bbox 136 567 164 615; x_wconf 85' lang='grc' dir='ltr'><em>τά</em></span> <span class='ocrx_word' id='word_1_36' title='bbox 180 570 350 628; x_wconf 77' lang='grc' dir='ltr'><em>ἐνδσμυχσυντα</em></span> <span class='ocrx_word' id='word_1_37' title='bbox 366 564 422 625; x_wconf 69' lang='grc' dir='ltr'><em>ὑμῖν</em></span> <span class='ocrx_word' id='word_1_38' title='bbox 438 567 558 625; x_wconf 71' lang='grc' dir='ltr'><em>πνεύματα</em></span> <span class='ocrx_word' id='word_1_39' title='bbox 576 565 690 617; x_wconf 81' lang='grc' dir='ltr'><em>άπελοίσαι</em></span> <span class='ocrx_word' id='word_1_40' title='bbox 706 569 843 629; x_wconf 69' lang='grc' dir='ltr'><em>ιλυνησεσθε,</em></span> <span class='ocrx_word' id='word_1_41' title='bbox 863 563 910 613; x_wconf 79' lang='grc' dir='ltr'><em>α’λλ’</em></span> <span class='ocrx_word' id='word_1_42' title='bbox 932 568 996 613; x_wconf 76' lang='grc' dir='ltr'><em>αὐτοὶ</em></span> <span class='ocrx_word' id='word_1_43' title='bbox 1016 569 1097 626; x_wconf 80' lang='grc' dir='ltr'><em>μηκέτι</em></span> 
     </span>
     <span class='ocr_line' id='line_1_6' title="bbox 112 634 1096 697; baseline -0.003 -9"><span class='ocrx_word' id='word_1_44' title='bbox 112 657 121 688; x_wconf 82' lang='grc'>5</span> <span class='ocrx_word' id='word_1_45' title='bbox 137 637 308 696; x_wconf 87' lang='grc' dir='ltr'><em>άμαρτάνοντες</em></span> <span class='ocrx_word' id='word_1_46' title='bbox 324 641 360 686; x_wconf 80' lang='grc' dir='ltr'>καὶ</span> <span class='ocrx_word' id='word_1_47' title='bbox 378 639 426 697; x_wconf 86' lang='grc' dir='ltr'>Θεῷ</span> <span class='ocrx_word' id='word_1_48' title='bbox 442 635 606 690; x_wconf 74' lang='grc' dir='ltr'><em>άνενιλοκάστας</em></span> <span class='ocrx_word' id='word_1_49' title='bbox 622 638 767 692; x_wconf 78' lang='grc' dir='ltr'><em>πιστεύοντες</em></span> <span class='ocrx_word' id='word_1_50' title='bbox 782 636 810 685; x_wconf 88' lang='grc' dir='ltr'><em>τά</em></span> <span class='ocrx_word' id='word_1_51' title='bbox 826 634 965 686; x_wconf 86' lang='grc' dir='ltr'><em>άλλανκακά</em></span> <span class='ocrx_word' id='word_1_52' title='bbox 975 635 1096 694; x_wconf 77' lang='grc' dir='ltr'><em>πνεύματα</em></span> 
     </span>
     <span class='ocr_line' id='line_1_7' title="bbox 135 706 1097 772; baseline -0.002 -16"><span class='ocrx_word' id='word_1_53' title='bbox 135 711 171 756; x_wconf 87' lang='grc' dir='ltr'><em>κειί</em></span> <span class='ocrx_word' id='word_1_54' title='bbox 188 711 296 767; x_wconf 71' lang='lat' dir='ltr'>depilata</span> <span class='ocrx_word' id='word_1_55' title='bbox 309 710 396 772; x_wconf 85' lang='grc' dir='ltr'><em>χαλεπά</em></span> <span class='ocrx_word' id='word_1_56' title='bbox 414 707 457 757; x_wconf 83' lang='grc' dir='ltr'>σάν</span> <span class='ocrx_word' id='word_1_57' title='bbox 472 719 520 762; x_wconf 82' lang='grc' dir='ltr'><em>τοῖς</em></span> <span class='ocrx_word' id='word_1_58' title='bbox 535 710 614 763; x_wconf 73' lang='grc' dir='ltr'><em>κλεινοῖς</em></span> <span class='ocrx_word' id='word_1_59' title='bbox 631 709 731 759; x_wconf 71' lang='grc' dir='ltr'><em>πάθεσιν</em></span> <span class='ocrx_word' id='word_1_60' title='bbox 747 706 877 757; x_wconf 82' lang='grc' dir='ltr'><em>άπελάσετε.</em></span> <span class='ocrx_word' id='word_1_61' title='bbox 907 710 979 754; x_wconf 78' lang='grc' dir='ltr'><em>ἐνίοτε</em></span> <span class='ocrx_word' id='word_1_62' title='bbox 992 708 1014 754; x_wconf 81' lang='lat' dir='ltr'>dt</span> <span class='ocrx_word' id='word_1_63' title='bbox 1023 706 1097 766; x_wconf 80' lang='grc' dir='ltr'><em>μόνον</em></span> 
     </span>
     <span class='ocr_line' id='line_1_8' title="bbox 136 774 1098 840; baseline 0.001 -17"><span class='ocrx_word' id='word_1_64' title='bbox 136 779 273 827; x_wconf 60' lang='grc' dir='ltr'><em>ε’νιιλόντσινῦ</em></span> <span class='ocrx_word' id='word_1_65' title='bbox 293 779 360 839; x_wconf 76' lang='grc' dir='ltr'><em>υμῶν</em></span> <span class='ocrx_word' id='word_1_66' title='bbox 382 778 513 839; x_wconf 74' lang='grc' dir='ltr'>φεύξονται.</span> <span class='ocrx_word' id='word_1_67' title='bbox 550 783 610 828; x_wconf 81' lang='grc' dir='ltr'><em>ἴσασι</em></span> <span class='ocrx_word' id='word_1_68' title='bbox 626 783 670 840; x_wconf 74' lang='grc' dir='ltr'>γάρ</span> <span class='ocrx_word' id='word_1_69' title='bbox 690 779 743 832; x_wconf 80' lang='grc' dir='ltr'><em>τους</em></span> <span class='ocrx_word' id='word_1_70' title='bbox 763 777 931 829; x_wconf 70' lang='grc' dir='ltr'><em>άποίεδισκότας</em></span> <span class='ocrx_word' id='word_1_71' title='bbox 952 774 1049 828; x_wconf 79' lang='grc' dir='ltr'><em>ἑαυτοάς</em></span> <span class='ocrx_word' id='word_1_72' title='bbox 1067 781 1098 837; x_wconf 87' lang='grc' dir='ltr'><em>τῷ</em></span> 
     </span>
     <span class='ocr_line' id='line_1_9' title="bbox 137 845 1097 910; baseline -0.003 -14"><span class='ocrx_word' id='word_1_73' title='bbox 137 852 193 909; x_wconf 81' lang='grc' dir='ltr'><em>Θεῷ.</em></span> <span class='ocrx_word' id='word_1_74' title='bbox 223 848 257 895; x_wconf 68' lang='lat' dir='ltr'>did</span> <span class='ocrx_word' id='word_1_75' title='bbox 272 853 384 908; x_wconf 76' lang='grc' dir='ltr'><em>τιμοίντες</em></span> <span class='ocrx_word' id='word_1_76' title='bbox 399 847 485 900; x_wconf 83' lang='grc' dir='ltr'><em>αάτοκίς</em></span> <span class='ocrx_word' id='word_1_77' title='bbox 501 853 659 910; x_wconf 74' lang='grc' dir='ltr'><em>πεφοβημένοι</em></span> <span class='ocrx_word' id='word_1_78' title='bbox 675 848 811 909; x_wconf 79' lang='grc' dir='ltr'><em>φεύγουσιν,</em></span> <span class='ocrx_word' id='word_1_79' title='bbox 834 848 908 906; x_wconf 81' lang='grc' dir='ltr'><em>ὥσπερ</em></span> <span class='ocrx_word' id='word_1_80' title='bbox 928 848 1008 909; x_wconf 48' lang='lat' dir='ltr'>ipati&amp;</span> <span class='ocrx_word' id='word_1_81' title='bbox 1028 845 1097 906; x_wconf 83' lang='grc' dir='ltr'><em>ἑωρά-</em></span> 
     </span>
     <span class='ocr_line' id='line_1_10' title="bbox 135 917 1097 979; baseline 0.002 -13"><span class='ocrx_word' id='word_1_82' title='bbox 135 938 200 975; x_wconf 88' lang='grc' dir='ltr'><em>κατε,</em></span> <span class='ocrx_word' id='word_1_83' title='bbox 219 922 267 972; x_wconf 78' lang='grc' dir='ltr'>πῶς</span> <span class='ocrx_word' id='word_1_84' title='bbox 287 922 346 978; x_wconf 75' lang='grc' dir='ltr'><em>ε’μσκί</em></span> <span class='ocrx_word' id='word_1_85' title='bbox 362 920 511 979; x_wconf 73' lang='grc' dir='ltr'><em>άναθεμίνοα</em></span> <span class='ocrx_word' id='word_1_86' title='bbox 530 917 590 978; x_wconf 86' lang='grc' dir='ltr'><em>μετά</em></span> <span class='ocrx_word' id='word_1_87' title='bbox 612 918 654 979; x_wconf 77' lang='grc' dir='ltr'><em>την</em></span> <span class='ocrx_word' id='word_1_88' title='bbox 669 924 825 979; x_wconf 89' lang='grc' dir='ltr'><em>προσομιλίαν</em></span> <span class='ocrx_word' id='word_1_89' title='bbox 841 918 950 974; x_wconf 72' lang='grc' dir='ltr'><em>εὔξασθαι</em></span> <span class='ocrx_word' id='word_1_90' title='bbox 971 917 1031 978; x_wconf 70' lang='grc' dir='ltr'><em>ὑπὲρ</em></span> <span class='ocrx_word' id='word_1_91' title='bbox 1052 922 1097 968; x_wconf 81' lang='grc' dir='ltr'><em>τῶν</em></span> 
     </span>
     <span class='ocr_line' id='line_1_11' title="bbox 111 987 1097 1052; baseline 0.001 -18"><span class='ocrx_word' id='word_1_92' title='bbox 111 991 271 1052; x_wconf 69' lang='grc' dir='ltr'><em>κατασχόντων</em></span> <span class='ocrx_word' id='word_1_93' title='bbox 287 987 345 1037; x_wconf 71' lang='lat' dir='ltr'>adad</span> <span class='ocrx_word' id='word_1_94' title='bbox 360 989 388 1037; x_wconf 85' lang='grc' dir='ltr'><em>τά</em></span> <span class='ocrx_word' id='word_1_95' title='bbox 405 987 483 1047; x_wconf 74' lang='grc' dir='ltr'><em>πάθη,</em></span> <span class='ocrx_word' id='word_1_96' title='bbox 503 993 530 1051; x_wconf 78' lang='grc' dir='ltr'><em>τῷ</em></span> <span class='ocrx_word' id='word_1_97' title='bbox 546 988 602 1048; x_wconf 83' lang='grc' dir='ltr'><em>πρὸς</em></span> <span class='ocrx_word' id='word_1_98' title='bbox 617 990 659 1049; x_wconf 81' lang='grc' dir='ltr'><em>την</em></span> <span class='ocrx_word' id='word_1_99' title='bbox 675 992 796 1048; x_wconf 76' lang='grc' dir='ltr'>θρησκείαν</span> <span class='ocrx_word' id='word_1_100' title='bbox 812 993 867 1051; x_wconf 80' lang='grc' dir='ltr'><em>τιμῷ</em></span> <span class='ocrx_word' id='word_1_101' title='bbox 883 987 1018 1049; x_wconf 74' lang='grc' dir='ltr'><em>ἀνέκραγεν,</em></span> <span class='ocrx_word' id='word_1_102' title='bbox 1038 993 1097 1048; x_wconf 73' lang='grc' dir='ltr'><em>βρα-</em></span> 
     </span>
     <span class='ocr_line' id='line_1_12' title="bbox 137 1058 566 1121; baseline -0.012 -15"><span class='ocrx_word' id='word_1_103' title='bbox 137 1070 200 1121; x_wconf 83' lang='grc' dir='ltr'><em>χεῖαν</em></span> <span class='ocrx_word' id='word_1_104' title='bbox 215 1058 274 1119; x_wconf 75' lang='grc' dir='ltr'><em>α’ίραν</em></span> <span class='ocrx_word' id='word_1_105' title='bbox 291 1063 365 1116; x_wconf 73' lang='grc' dir='ltr'><em>στέξαι</em></span> <span class='ocrx_word' id='word_1_106' title='bbox 379 1059 412 1118; x_wconf 74' lang='grc' dir='ltr'>μή</span> <span class='ocrx_word' id='word_1_107' title='bbox 429 1061 566 1115; x_wconf 72' lang='grc' dir='ltr'><em>δυνηθέντα.</em></span> 
     </span>
     <span class='ocr_line' id='line_1_13' title="bbox 194 1125 1096 1188; baseline -0.001 -14"><span class='ocrx_word' id='word_1_108' title='bbox 194 1132 239 1175; x_wconf 86' lang='grc' dir='ltr'>ΧΧ.</span> <span class='ocrx_word' id='word_1_109' title='bbox 270 1127 310 1188; x_wconf 61' lang='lat' dir='ltr'>Mn*</span> <span class='ocrx_word' id='word_1_110' title='bbox 329 1128 372 1177; x_wconf 80' lang='grc' dir='ltr'>οὖν</span> <span class='ocrx_word' id='word_1_111' title='bbox 392 1131 501 1187; x_wconf 87' lang='grc' dir='ltr'><em>νομίσητε</em></span> <span class='ocrx_word' id='word_1_112' title='bbox 521 1126 556 1173; x_wconf 87' lang='grc' dir='ltr'><em>ὅτι</em></span> <span class='ocrx_word' id='word_1_113' title='bbox 577 1125 642 1185; x_wconf 72' lang='grc' dir='ltr'><em>ἡμεῖς</em></span> <span class='ocrx_word' id='word_1_114' title='bbox 668 1125 736 1186; x_wconf 85' lang='grc' dir='ltr'><em>άλλης</em></span> <span class='ocrx_word' id='word_1_115' title='bbox 758 1128 844 1187; x_wconf 82' lang='grc' dir='ltr'><em>φάσεως</em></span> <span class='ocrx_word' id='word_1_116' title='bbox 864 1127 928 1180; x_wconf 76' lang='grc' dir='ltr'><em>ὄντες</em></span> <span class='ocrx_word' id='word_1_117' title='bbox 950 1125 1008 1174; x_wconf 83' lang='grc' dir='ltr'><em>κατά</em></span> <span class='ocrx_word' id='word_1_118' title='bbox 1027 1130 1096 1174; x_wconf 81' lang='grc' dir='ltr'><em>τοτ’το</em></span> 
     </span>
     <span class='ocr_line' id='line_1_14' title="bbox 77 1193 1096 1258; baseline -0.003 -13"><span class='ocrx_word' id='word_1_119' title='bbox 77 1215 85 1239; x_wconf 19' lang='grc' dir='ltr'><em>ἠ</em></span> <span class='ocrx_word' id='word_1_120' title='bbox 137 1201 248 1258; x_wconf 67' lang='grc' dir='ltr'><em>δαίμονας</em></span> <span class='ocrx_word' id='word_1_121' title='bbox 269 1197 296 1246; x_wconf 84' lang='grc' dir='ltr'>σά</span> <span class='ocrx_word' id='word_1_122' title='bbox 318 1197 462 1258; x_wconf 75' lang='grc' dir='ltr'><em>φοβοίμεθα.</em></span> <span class='ocrx_word' id='word_1_123' title='bbox 500 1200 540 1255; x_wconf 80' lang='grc' dir='ltr'><em>της</em></span> <span class='ocrx_word' id='word_1_124' title='bbox 559 1193 602 1255; x_wconf 79' lang='grc' dir='ltr'>γάρ</span> <span class='ocrx_word' id='word_1_125' title='bbox 624 1195 695 1254; x_wconf 83' lang='grc' dir='ltr'><em>αάτης</em></span> <span class='ocrx_word' id='word_1_126' title='bbox 715 1195 772 1256; x_wconf 70' lang='grc' dir='ltr'><em>ὑμῖν</em></span> <span class='ocrx_word' id='word_1_127' title='bbox 791 1202 861 1258; x_wconf 76' lang='grc' dir='ltr'><em>ἐσμὲν</em></span> <span class='ocrx_word' id='word_1_128' title='bbox 882 1195 981 1255; x_wconf 83' lang='grc' dir='ltr'><em>φάσεως,</em></span> <span class='ocrx_word' id='word_1_129' title='bbox 1002 1193 1050 1244; x_wconf 74' lang='grc' dir='ltr'><em>ἄλλ’</em></span> <span class='ocrx_word' id='word_1_130' title='bbox 1069 1195 1096 1243; x_wconf 85' lang='grc' dir='ltr'>ου’</span> 
     </span>
     <span class='ocr_line' id='line_1_15' title="bbox 136 1263 1096 1328; baseline 0 -13"><span class='ocrx_word' id='word_1_131' title='bbox 136 1272 267 1328; x_wconf 67' lang='grc' dir='ltr'><em>θρησκείας.</em></span> <span class='ocrx_word' id='word_1_132' title='bbox 299 1268 333 1317; x_wconf 69' lang='grc' dir='ltr'>διὸ</span> <span class='ocrx_word' id='word_1_133' title='bbox 348 1267 414 1327; x_wconf 73' lang='grc' dir='ltr'><em>ὑμῶν</em></span> <span class='ocrx_word' id='word_1_134' title='bbox 429 1265 456 1313; x_wconf 89' lang='grc' dir='ltr'>ου’</span> <span class='ocrx_word' id='word_1_135' title='bbox 473 1264 547 1320; x_wconf 86' lang='grc' dir='ltr'><em>πολιί,</em></span> <span class='ocrx_word' id='word_1_136' title='bbox 569 1264 625 1313; x_wconf 87' lang='grc' dir='ltr'><em>άλλά</em></span> <span class='ocrx_word' id='word_1_137' title='bbox 641 1263 666 1313; x_wconf 84' lang='grc' dir='ltr'>τιί</span> <span class='ocrx_word' id='word_1_138' title='bbox 682 1271 731 1315; x_wconf 86' lang='grc' dir='ltr'>πάν</span> <span class='ocrx_word' id='word_1_139' title='bbox 746 1271 871 1328; x_wconf 80' lang='grc' dir='ltr'><em>κρείττονες</em></span> <span class='ocrx_word' id='word_1_140' title='bbox 886 1268 951 1320; x_wconf 82' lang='grc' dir='ltr'><em>ὄντες</em></span> <span class='ocrx_word' id='word_1_141' title='bbox 966 1271 1002 1315; x_wconf 84' lang='grc' dir='ltr'><em>καί</em></span> <span class='ocrx_word' id='word_1_142' title='bbox 1018 1264 1096 1327; x_wconf 75' lang='lat' dir='ltr'>n‘pto&#39;ta⁵</span> 
     </span>
     <span class='ocr_line' id='line_1_16' title="bbox 113 1334 1097 1400; baseline 0.001 -16"><span class='ocrx_word' id='word_1_143' title='bbox 113 1338 253 1392; x_wconf 72' lang='lat' dir='ltr'>15ootov&#39;aoog</span> <span class='ocrx_word' id='word_1_144' title='bbox 267 1343 375 1400; x_wconf 79' lang='grc' dir='ltr'><em>γενέσθαι</em></span> <span class='ocrx_word' id='word_1_145' title='bbox 396 1338 423 1383; x_wconf 81' lang='grc' dir='ltr'>ον’</span> <span class='ocrx_word' id='word_1_146' title='bbox 439 1340 590 1395; x_wconf 67' lang='grc' dir='ltr'><em>φθονούμεν,</em></span> <span class='ocrx_word' id='word_1_147' title='bbox 610 1334 666 1383; x_wconf 87' lang='grc' dir='ltr'><em>α’λλά</em></span> <span class='ocrx_word' id='word_1_148' title='bbox 686 1337 825 1386; x_wconf 86' lang='grc' dir='ltr'><em>τσάναντίσν</em></span> <span class='ocrx_word' id='word_1_149' title='bbox 844 1336 1045 1398; x_wconf 77' lang='grc' dir='ltr'><em>συμβουλεύομεν,</em></span> <span class='ocrx_word' id='word_1_150' title='bbox 1064 1343 1097 1385; x_wconf 86' lang='grc' dir='ltr'>εἰ·</span> 
     </span>
     <span class='ocr_line' id='line_1_17' title="bbox 137 1405 1097 1471; baseline -0.002 -14"><span class='ocrx_word' id='word_1_151' title='bbox 137 1409 199 1462; x_wconf 70' lang='grc' dir='ltr'><em>άιίτες</em></span> <span class='ocrx_word' id='word_1_152' title='bbox 222 1409 256 1457; x_wconf 83' lang='grc' dir='ltr'><em>ὅτι</em></span> <span class='ocrx_word' id='word_1_153' title='bbox 276 1409 330 1462; x_wconf 86' lang='grc' dir='ltr'><em>τοάς</em></span> <span class='ocrx_word' id='word_1_154' title='bbox 352 1411 400 1471; x_wconf 83' lang='grc' dir='ltr'>Θεῷ</span> <span class='ocrx_word' id='word_1_155' title='bbox 421 1409 639 1467; x_wconf 69' lang='grc' dir='ltr'><em>προσοικειωθὲντας</em></span> <span class='ocrx_word' id='word_1_156' title='bbox 661 1411 735 1456; x_wconf 73' lang='grc' dir='ltr'><em>ταῦτα</em></span> <span class='ocrx_word' id='word_1_157' title='bbox 758 1405 837 1455; x_wconf 90' lang='grc' dir='ltr'><em>πάντα</em></span> <span class='ocrx_word' id='word_1_158' title='bbox 860 1408 976 1468; x_wconf 77' lang='grc' dir='ltr'><em>άγνάστκσς</em></span> <span class='ocrx_word' id='word_1_159' title='bbox 996 1411 1097 1470; x_wconf 83' lang='grc' dir='ltr'><em>προτιμῷ</em></span> 
     </span>
     <span class='ocr_line' id='line_1_18' title="bbox 138 1482 304 1537; baseline 0.006 -10"><span class='ocrx_word' id='word_1_160' title='bbox 138 1482 175 1527; x_wconf 86' lang='grc' dir='ltr'><em>καί</em></span> <span class='ocrx_word' id='word_1_161' title='bbox 192 1485 304 1537; x_wconf 82' lang='grc' dir='ltr'><em>φοβεῖται.</em></span> 
     </span>
     <span class='ocr_line' id='line_1_19' title="bbox 195 1546 1097 1612; baseline -0.001 -16"><span class='ocrx_word' id='word_1_162' title='bbox 195 1553 248 1596; x_wconf 87' lang='lat' dir='ltr'>XXI.</span> <span class='ocrx_word' id='word_1_163' title='bbox 273 1550 365 1608; x_wconf 76' lang='lat' dir='ltr'>“Onnap</span> <span class='ocrx_word' id='word_1_164' title='bbox 379 1547 421 1609; x_wconf 76' lang='grc' dir='ltr'>γάρ</span> <span class='ocrx_word' id='word_1_165' title='bbox 436 1546 522 1609; x_wconf 78' lang='grc' dir='ltr'><em>τρόπον</em></span> <span class='ocrx_word' id='word_1_166' title='bbox 539 1550 653 1607; x_wconf 82' lang='grc' dir='ltr'><em>Καίσαρος</em></span> <span class='ocrx_word' id='word_1_167' title='bbox 667 1547 770 1612; x_wconf 77' lang='grc' dir='ltr'><em>χιλιάρχῳ</em></span> <span class='ocrx_word' id='word_1_168' title='bbox 791 1555 812 1597; x_wconf 86' lang='grc' dir='ltr'>οἱ</span> <span class='ocrx_word' id='word_1_169' title='bbox 827 1547 974 1609; x_wconf 75' lang='grc' dir='ltr'><em>ὑποκείμεναι</em></span> <span class='ocrx_word' id='word_1_170' title='bbox 990 1550 1097 1609; x_wconf 81' lang='grc' dir='ltr'><em>στρατιά-</em></span> 
     </span>
     <span class='ocr_line' id='line_1_20' title="bbox 138 1617 1097 1681; baseline -0.003 -12"><span class='ocrx_word' id='word_1_171' title='bbox 138 1641 176 1669; x_wconf 87' lang='grc' dir='ltr'><em>ται</em></span> <span class='ocrx_word' id='word_1_172' title='bbox 191 1617 226 1668; x_wconf 67' lang='lat' dir='ltr'>tid</span> <span class='ocrx_word' id='word_1_173' title='bbox 242 1620 284 1681; x_wconf 76' lang='grc' dir='ltr'><em>τῷν</em></span> <span class='ocrx_word' id='word_1_174' title='bbox 299 1623 340 1669; x_wconf 70' lang='grc' dir='ltr'><em>τοι]</em></span> <span class='ocrx_word' id='word_1_175' title='bbox 356 1619 591 1674; x_wconf 59' lang='lat' dir='ltr'>attonitaatnotita</span> <span class='ocrx_word' id='word_1_176' title='bbox 606 1619 647 1668; x_wconf 81' lang='grc' dir='ltr'><em>τὸν</em></span> <span class='ocrx_word' id='word_1_177' title='bbox 669 1619 777 1679; x_wconf 83' lang='grc' dir='ltr'><em>εἰληφότα</em></span> <span class='ocrx_word' id='word_1_178' title='bbox 797 1621 868 1668; x_wconf 78' lang='grc' dir='ltr'><em>οἴιλασι</em></span> <span class='ocrx_word' id='word_1_179' title='bbox 882 1623 967 1678; x_wconf 83' lang='grc' dir='ltr'><em>τιμάν,</em></span> <span class='ocrx_word' id='word_1_180' title='bbox 986 1622 1097 1668; x_wconf 74' lang='grc' dir='ltr'><em>τσοοιίτον</em></span> 
     </span>
    </p>
   </div>
   <div class='ocr_carea' id='block_1_3' title="bbox 114 1762 1098 1820">
    <p class='ocr_par' dir='ltr' id='par_1_3' title="bbox 114 1762 1098 1820">
     <span class='ocr_line' id='line_1_21' title="bbox 114 1762 1098 1820; baseline -0.001 -13"><span class='ocrx_word' id='word_1_181' title='bbox 114 1765 241 1812; x_wconf 71' lang='lat' dir='ltr'>othonorum</span> <span class='ocrx_word' id='word_1_182' title='bbox 256 1775 344 1818; x_wconf 77' lang='lat' dir='ltr'>regnum</span> <span class='ocrx_word' id='word_1_183' title='bbox 357 1762 451 1806; x_wconf 82' lang='lat' dir='ltr'>habituri.</span> <span class='ocrx_word' id='word_1_184' title='bbox 480 1763 503 1805; x_wconf 96' lang='lat' dir='ltr'>ln</span> <span class='ocrx_word' id='word_1_185' title='bbox 518 1763 622 1819; x_wconf 77' lang='lat' dir='ltr'>praesenti</span> <span class='ocrx_word' id='word_1_186' title='bbox 642 1775 703 1820; x_wconf 84' lang='lat' dir='ltr'>vero,</span> <span class='ocrx_word' id='word_1_187' title='bbox 726 1763 812 1818; x_wconf 89' lang='lat' dir='ltr'>perenni</span> <span class='ocrx_word' id='word_1_188' title='bbox 832 1763 915 1806; x_wconf 82' lang='lat' dir='ltr'>ilutnine</span> <span class='ocrx_word' id='word_1_189' title='bbox 933 1762 966 1806; x_wconf 91' lang='lat' dir='ltr'>vel</span> <span class='ocrx_word' id='word_1_190' title='bbox 987 1762 1043 1805; x_wconf 85' lang='lat' dir='ltr'>sonte</span> <span class='ocrx_word' id='word_1_191' title='bbox 1063 1768 1098 1806; x_wconf 90' lang='lat' dir='ltr'>aut</span> 
     </span>
    </p>
   </div>
   <div class='ocr_carea' id='block_1_4' title="bbox 113 1834 1097 2887">
    <p class='ocr_par' dir='ltr' id='par_1_4' title="bbox 113 1834 1097 2887">
     <span class='ocr_line' id='line_1_22' title="bbox 139 1834 1096 1888; baseline 0 -11"><span class='ocrx_word' id='word_1_192' title='bbox 139 1835 199 1877; x_wconf 86' lang='lat' dir='ltr'>etiam</span> <span class='ocrx_word' id='word_1_193' title='bbox 214 1835 264 1876; x_wconf 89' lang='lat' dir='ltr'>rnari</span> <span class='ocrx_word' id='word_1_194' title='bbox 279 1835 316 1877; x_wconf 85' lang='lat' dir='ltr'>loti</span> <span class='ocrx_word' id='word_1_195' title='bbox 330 1835 350 1876; x_wconf 92' lang='lat' dir='ltr'>in</span> <span class='ocrx_word' id='word_1_196' title='bbox 365 1840 397 1878; x_wconf 93' lang='lat' dir='ltr'>ter</span> <span class='ocrx_word' id='word_1_197' title='bbox 413 1837 474 1879; x_wconf 85' lang='lat' dir='ltr'>beata</span> <span class='ocrx_word' id='word_1_198' title='bbox 488 1836 620 1878; x_wconf 86' lang='lat' dir='ltr'>invocatione</span> <span class='ocrx_word' id='word_1_199' title='bbox 635 1847 678 1877; x_wconf 96' lang='lat' dir='ltr'>non</span> <span class='ocrx_word' id='word_1_200' title='bbox 693 1835 759 1878; x_wconf 81' lang='lat' dir='ltr'>solunt</span> <span class='ocrx_word' id='word_1_201' title='bbox 774 1836 875 1879; x_wconf 88' lang='lat' dir='ltr'>latitantes</span> <span class='ocrx_word' id='word_1_202' title='bbox 900 1836 921 1877; x_wconf 92' lang='lat' dir='ltr'>in</span> <span class='ocrx_word' id='word_1_203' title='bbox 935 1834 995 1877; x_wconf 89' lang='lat' dir='ltr'>vobis</span> <span class='ocrx_word' id='word_1_204' title='bbox 1015 1834 1096 1888; x_wconf 91' lang='lat' dir='ltr'>spiritus</span> 
     </span>
     <span class='ocr_line' id='line_1_23' title="bbox 137 1905 1096 1963; baseline -0.003 -14"><span class='ocrx_word' id='word_1_205' title='bbox 137 1907 230 1962; x_wconf 86' lang='lat' dir='ltr'>poteritis</span> <span class='ocrx_word' id='word_1_206' title='bbox 247 1906 362 1963; x_wconf 77' lang='lat' dir='ltr'>expellere,</span> <span class='ocrx_word' id='word_1_207' title='bbox 377 1907 414 1950; x_wconf 89' lang='lat' dir='ltr'>sed</span> <span class='ocrx_word' id='word_1_208' title='bbox 430 1908 468 1962; x_wconf 91' lang='lat' dir='ltr'>ipsi</span> <span class='ocrx_word' id='word_1_209' title='bbox 483 1919 525 1949; x_wconf 94' lang='lat' dir='ltr'>non</span> <span class='ocrx_word' id='word_1_210' title='bbox 540 1907 625 1962; x_wconf 85' lang='lat' dir='ltr'>amplius</span> <span class='ocrx_word' id='word_1_211' title='bbox 642 1907 779 1962; x_wconf 81' lang='lat' dir='ltr'>delinquendo</span> <span class='ocrx_word' id='word_1_212' title='bbox 801 1914 821 1951; x_wconf 90' lang='lat' dir='ltr'>et</span> <span class='ocrx_word' id='word_1_213' title='bbox 843 1908 888 1950; x_wconf 88' lang='lat' dir='ltr'>Deo</span> <span class='ocrx_word' id='word_1_214' title='bbox 913 1905 1026 1948; x_wconf 88' lang='lat' dir='ltr'>indubitate</span> <span class='ocrx_word' id='word_1_215' title='bbox 1046 1917 1096 1947; x_wconf 87' lang='lat' dir='ltr'>cre-</span> 
     </span>
     <span class='ocr_line' id='line_1_24' title="bbox 139 1975 1096 2033; baseline -0.001 -15"><span class='ocrx_word' id='word_1_216' title='bbox 139 1978 211 2021; x_wconf 79' lang='lat' dir='ltr'>dentes</span> <span class='ocrx_word' id='word_1_217' title='bbox 227 1977 312 2019; x_wconf 88' lang='lat' dir='ltr'>aliorurn</span> <span class='ocrx_word' id='word_1_218' title='bbox 328 1977 393 2020; x_wconf 90' lang='lat' dir='ltr'>rnalos</span> <span class='ocrx_word' id='word_1_219' title='bbox 408 1979 491 2032; x_wconf 86' lang='lat' dir='ltr'>spiritus</span> <span class='ocrx_word' id='word_1_220' title='bbox 507 1991 531 2020; x_wconf 83' lang='lat' dir='ltr'>ao</span> <span class='ocrx_word' id='word_1_221' title='bbox 546 1978 674 2021; x_wconf 84' lang='lat' dir='ltr'>truculentos</span> <span class='ocrx_word' id='word_1_222' title='bbox 690 1979 802 2021; x_wconf 86' lang='lat' dir='ltr'>daemones</span> <span class='ocrx_word' id='word_1_223' title='bbox 824 1990 942 2033; x_wconf 79' lang='lat' dir='ltr'>gravesque</span> <span class='ocrx_word' id='word_1_224' title='bbox 958 1977 1041 2020; x_wconf 79' lang='lat' dir='ltr'>morbos</span> <span class='ocrx_word' id='word_1_225' title='bbox 1057 1975 1096 2018; x_wconf 82' lang='lat' dir='ltr'>alt-</span> 
     </span>
     <span class='ocr_line' id='line_1_25' title="bbox 137 2047 1096 2105; baseline -0.001 -15"><span class='ocrx_word' id='word_1_226' title='bbox 137 2049 203 2104; x_wconf 81' lang='lat' dir='ltr'>igetis.</span> <span class='ocrx_word' id='word_1_227' title='bbox 233 2048 257 2090; x_wconf 87' lang='lat' dir='ltr'>Et</span> <span class='ocrx_word' id='word_1_228' title='bbox 272 2048 373 2089; x_wconf 87' lang='lat' dir='ltr'>interdum</span> <span class='ocrx_word' id='word_1_229' title='bbox 390 2048 425 2089; x_wconf 90' lang='lat' dir='ltr'>ubi</span> <span class='ocrx_word' id='word_1_230' title='bbox 441 2048 508 2092; x_wconf 90' lang='lat' dir='ltr'>solurn</span> <span class='ocrx_word' id='word_1_231' title='bbox 522 2048 653 2102; x_wconf 82' lang='lat' dir='ltr'>inspexeritis</span> <span class='ocrx_word' id='word_1_232' title='bbox 668 2061 716 2105; x_wconf 81' lang='lat' dir='ltr'>vos,</span> <span class='ocrx_word' id='word_1_233' title='bbox 731 2049 816 2104; x_wconf 75' lang='lat' dir='ltr'>fugient.</span> <span class='ocrx_word' id='word_1_234' title='bbox 853 2048 975 2104; x_wconf 79' lang='lat' dir='ltr'>Agnoscunt</span> <span class='ocrx_word' id='word_1_235' title='bbox 990 2047 1043 2090; x_wconf 90' lang='lat' dir='ltr'>enirn</span> <span class='ocrx_word' id='word_1_236' title='bbox 1059 2058 1096 2089; x_wconf 89' lang='lat' dir='ltr'>eos</span> 
     </span>
     <span class='ocr_line' id='line_1_26' title="bbox 113 2116 1097 2174; baseline 0 -15"><span class='ocrx_word' id='word_1_237' title='bbox 113 2119 174 2174; x_wconf 79' lang='lat' dir='ltr'>25qni</span> <span class='ocrx_word' id='word_1_238' title='bbox 190 2131 213 2161; x_wconf 93' lang='lat' dir='ltr'>se</span> <span class='ocrx_word' id='word_1_239' title='bbox 227 2116 348 2159; x_wconf 80' lang='lat' dir='ltr'>tradiderint</span> <span class='ocrx_word' id='word_1_240' title='bbox 363 2117 414 2160; x_wconf 87' lang='lat' dir='ltr'>Deo.</span> <span class='ocrx_word' id='word_1_241' title='bbox 454 2117 522 2166; x_wconf 76' lang='lat' dir='ltr'>Quare</span> <span class='ocrx_word' id='word_1_242' title='bbox 537 2117 664 2159; x_wconf 79' lang='lat' dir='ltr'>honorantes</span> <span class='ocrx_word' id='word_1_243' title='bbox 679 2130 717 2161; x_wconf 88' lang='lat' dir='ltr'>eos</span> <span class='ocrx_word' id='word_1_244' title='bbox 740 2131 764 2160; x_wconf 88' lang='lat' dir='ltr'>ae</span> <span class='ocrx_word' id='word_1_245' title='bbox 785 2119 844 2161; x_wconf 89' lang='lat' dir='ltr'>veriti</span> <span class='ocrx_word' id='word_1_246' title='bbox 863 2119 955 2174; x_wconf 80' lang='lat' dir='ltr'>lugiunt,</span> <span class='ocrx_word' id='word_1_247' title='bbox 978 2118 1030 2160; x_wconf 91' lang='lat' dir='ltr'>siout</span> <span class='ocrx_word' id='word_1_248' title='bbox 1052 2118 1097 2160; x_wconf 79' lang='lat' dir='ltr'>lteri</span> 
     </span>
     <span class='ocr_line' id='line_1_27' title="bbox 138 2186 1096 2244; baseline -0.001 -13"><span class='ocrx_word' id='word_1_249' title='bbox 138 2188 227 2243; x_wconf 87' lang='lat' dir='ltr'>vidistis,</span> <span class='ocrx_word' id='word_1_250' title='bbox 244 2199 285 2241; x_wconf 87' lang='lat' dir='ltr'>quo</span> <span class='ocrx_word' id='word_1_251' title='bbox 301 2186 363 2229; x_wconf 87' lang='lat' dir='ltr'>modo</span> <span class='ocrx_word' id='word_1_252' title='bbox 380 2200 426 2229; x_wconf 86' lang='lat' dir='ltr'>curn</span> <span class='ocrx_word' id='word_1_253' title='bbox 443 2199 483 2242; x_wconf 79' lang='lat' dir='ltr'>ego</span> <span class='ocrx_word' id='word_1_254' title='bbox 500 2188 624 2232; x_wconf 84' lang='lat' dir='ltr'>distulissem</span> <span class='ocrx_word' id='word_1_255' title='bbox 639 2194 686 2243; x_wconf 90' lang='lat' dir='ltr'>post</span> <span class='ocrx_word' id='word_1_256' title='bbox 707 2189 851 2232; x_wconf 78' lang='lat' dir='ltr'>allocutionem</span> <span class='ocrx_word' id='word_1_257' title='bbox 873 2203 934 2233; x_wconf 86' lang='lat' dir='ltr'>orare</span> <span class='ocrx_word' id='word_1_258' title='bbox 956 2202 994 2243; x_wconf 91' lang='lat' dir='ltr'>pro</span> <span class='ocrx_word' id='word_1_259' title='bbox 1017 2190 1041 2231; x_wconf 92' lang='lat' dir='ltr'>iis</span> <span class='ocrx_word' id='word_1_260' title='bbox 1062 2189 1096 2244; x_wconf 87' lang='lat' dir='ltr'>qui</span> 
     </span>
     <span class='ocr_line' id='line_1_28' title="bbox 138 2255 1095 2317; baseline 0 -16"><span class='ocrx_word' id='word_1_261' title='bbox 138 2259 216 2302; x_wconf 87' lang='lat' dir='ltr'>rnorhis</span> <span class='ocrx_word' id='word_1_262' title='bbox 232 2258 391 2315; x_wconf 84' lang='lat' dir='ltr'>afflictabantur,</span> <span class='ocrx_word' id='word_1_263' title='bbox 407 2259 519 2303; x_wconf 87' lang='lat' dir='ltr'>daemones</span> <span class='ocrx_word' id='word_1_264' title='bbox 535 2266 621 2316; x_wconf 87' lang='lat' dir='ltr'>propter</span> <span class='ocrx_word' id='word_1_265' title='bbox 635 2261 736 2304; x_wconf 84' lang='lat' dir='ltr'>honorem</span> <span class='ocrx_word' id='word_1_266' title='bbox 752 2255 859 2317; x_wconf 80' lang='lat' dir='ltr'>religionis</span> <span class='ocrx_word' id='word_1_267' title='bbox 879 2261 1018 2304; x_wconf 83' lang='lat' dir='ltr'>exclamarunt</span> <span class='ocrx_word' id='word_1_268' title='bbox 1034 2265 1054 2302; x_wconf 93' lang='lat' dir='ltr'>et</span> <span class='ocrx_word' id='word_1_269' title='bbox 1069 2271 1095 2301; x_wconf 85' lang='lat' dir='ltr'>ne</span> 
     </span>
     <span class='ocr_line' id='line_1_29' title="bbox 137 2330 662 2386; baseline 0.006 -14"><span class='ocrx_word' id='word_1_270' title='bbox 137 2343 202 2386; x_wconf 77' lang='lat' dir='ltr'>pat&#39;vo</span> <span class='ocrx_word' id='word_1_271' title='bbox 218 2330 299 2384; x_wconf 83' lang='lat' dir='ltr'>quiden</span> <span class='ocrx_word' id='word_1_272' title='bbox 314 2337 408 2385; x_wconf 88' lang='lat' dir='ltr'>ternpore</span> <span class='ocrx_word' id='word_1_273' title='bbox 423 2337 536 2385; x_wconf 89' lang='lat' dir='ltr'>potuerunt</span> <span class='ocrx_word' id='word_1_274' title='bbox 553 2333 662 2375; x_wconf 84' lang='lat' dir='ltr'>sustinere.</span> 
     </span>
     <span class='ocr_line' id='line_1_30' title="bbox 196 2401 1095 2460; baseline 0.001 -17"><span class='ocrx_word' id='word_1_275' title='bbox 196 2401 239 2443; x_wconf 92' lang='lat' dir='ltr'>XX.</span> <span class='ocrx_word' id='word_1_276' title='bbox 267 2401 334 2444; x_wconf 87' lang='lat' dir='ltr'>Nolite</span> <span class='ocrx_word' id='word_1_277' title='bbox 350 2415 401 2457; x_wconf 81' lang='lat' dir='ltr'>ergo</span> <span class='ocrx_word' id='word_1_278' title='bbox 418 2403 523 2460; x_wconf 82' lang='lat' dir='ltr'>arbitrari,</span> <span class='ocrx_word' id='word_1_279' title='bbox 538 2415 577 2447; x_wconf 90' lang='lat' dir='ltr'>nos</span> <span class='ocrx_word' id='word_1_280' title='bbox 593 2404 677 2446; x_wconf 86' lang='lat' dir='ltr'>alterius</span> <span class='ocrx_word' id='word_1_281' title='bbox 693 2415 741 2446; x_wconf 88' lang='lat' dir='ltr'>esse</span> <span class='ocrx_word' id='word_1_282' title='bbox 756 2408 854 2458; x_wconf 82' lang='lat' dir='ltr'>naturae,</span> <span class='ocrx_word' id='word_1_283' title='bbox 876 2401 965 2458; x_wconf 85' lang='lat' dir='ltr'>ideoque</span> <span class='ocrx_word' id='word_1_284' title='bbox 985 2402 1095 2445; x_wconf 83' lang='lat' dir='ltr'>daemonas</span> 
     </span>
     <span class='ocr_line' id='line_1_31' title="bbox 114 2474 1095 2530; baseline -0.002 -13"><span class='ocrx_word' id='word_1_285' title='bbox 114 2486 182 2524; x_wconf 78' lang='lat' dir='ltr'>apnon</span> <span class='ocrx_word' id='word_1_286' title='bbox 196 2475 274 2516; x_wconf 85' lang='lat' dir='ltr'>tinere.</span> <span class='ocrx_word' id='word_1_287' title='bbox 304 2474 367 2517; x_wconf 90' lang='lat' dir='ltr'>Unius</span> <span class='ocrx_word' id='word_1_288' title='bbox 385 2475 438 2517; x_wconf 80' lang='lat' dir='ltr'>eninr</span> <span class='ocrx_word' id='word_1_289' title='bbox 454 2474 589 2530; x_wconf 86' lang='lat' dir='ltr'>ejusdemque</span> <span class='ocrx_word' id='word_1_290' title='bbox 605 2475 712 2517; x_wconf 86' lang='lat' dir='ltr'>vobiscum</span> <span class='ocrx_word' id='word_1_291' title='bbox 733 2487 802 2518; x_wconf 85' lang='lat' dir='ltr'>surnns</span> <span class='ocrx_word' id='word_1_292' title='bbox 822 2479 918 2530; x_wconf 85' lang='lat' dir='ltr'>naturae,</span> <span class='ocrx_word' id='word_1_293' title='bbox 939 2479 960 2516; x_wconf 87' lang='lat' dir='ltr'>at</span> <span class='ocrx_word' id='word_1_294' title='bbox 980 2487 1022 2518; x_wconf 93' lang='lat' dir='ltr'>non</span> <span class='ocrx_word' id='word_1_295' title='bbox 1043 2474 1095 2516; x_wconf 87' lang='lat' dir='ltr'>reli-</span> 
     </span>
     <span class='ocr_line' id='line_1_32' title="bbox 139 2544 1095 2602; baseline -0.002 -15"><span class='ocrx_word' id='word_1_296' title='bbox 139 2545 215 2601; x_wconf 81' lang='lat' dir='ltr'>gionis.</span> <span class='ocrx_word' id='word_1_297' title='bbox 244 2544 312 2593; x_wconf 84' lang='lat' dir='ltr'>Quare</span> <span class='ocrx_word' id='word_1_298' title='bbox 326 2546 384 2588; x_wconf 83' lang='lat' dir='ltr'>voltis</span> <span class='ocrx_word' id='word_1_299' title='bbox 399 2558 442 2588; x_wconf 92' lang='lat' dir='ltr'>non</span> <span class='ocrx_word' id='word_1_300' title='bbox 457 2546 551 2602; x_wconf 79' lang='lat' dir='ltr'>multum,</span> <span class='ocrx_word' id='word_1_301' title='bbox 567 2546 604 2589; x_wconf 84' lang='lat' dir='ltr'>sed</span> <span class='ocrx_word' id='word_1_302' title='bbox 620 2546 703 2589; x_wconf 89' lang='lat' dir='ltr'>ornnino</span> <span class='ocrx_word' id='word_1_303' title='bbox 718 2545 815 2587; x_wconf 87' lang='lat' dir='ltr'>rneliores</span> <span class='ocrx_word' id='word_1_304' title='bbox 836 2557 875 2587; x_wconf 91' lang='lat' dir='ltr'>vos</span> <span class='ocrx_word' id='word_1_305' title='bbox 896 2557 979 2601; x_wconf 83' lang='lat' dir='ltr'>quoqne</span> <span class='ocrx_word' id='word_1_306' title='bbox 999 2546 1044 2588; x_wconf 87' lang='lat' dir='ltr'>fieri</span> <span class='ocrx_word' id='word_1_307' title='bbox 1064 2545 1095 2589; x_wconf 84' lang='lat' dir='ltr'>si-</span> 
     </span>
     <span class='ocr_line' id='line_1_33' title="bbox 138 2615 1095 2673; baseline 0 -14"><span class='ocrx_word' id='word_1_308' title='bbox 138 2617 196 2660; x_wconf 88' lang='lat' dir='ltr'>rniles</span> <span class='ocrx_word' id='word_1_309' title='bbox 212 2627 255 2656; x_wconf 90' lang='lat' dir='ltr'>non</span> <span class='ocrx_word' id='word_1_310' title='bbox 270 2616 469 2673; x_wconf 84' lang='lat' dir='ltr'>invidernus‚i1n1no</span> <span class='ocrx_word' id='word_1_311' title='bbox 488 2622 561 2659; x_wconf 84' lang='lat' dir='ltr'>eontra</span> <span class='ocrx_word' id='word_1_312' title='bbox 577 2617 683 2658; x_wconf 82' lang='lat' dir='ltr'>oottsiliurn</span> <span class='ocrx_word' id='word_1_313' title='bbox 700 2615 777 2670; x_wconf 79' lang='lat' dir='ltr'>dantus,</span> <span class='ocrx_word' id='word_1_314' title='bbox 793 2616 851 2670; x_wconf 78' lang='lat' dir='ltr'>goari</span> <span class='ocrx_word' id='word_1_315' title='bbox 867 2616 923 2671; x_wconf 88' lang='lat' dir='ltr'>quod</span> <span class='ocrx_word' id='word_1_316' title='bbox 938 2616 958 2657; x_wconf 92' lang='lat' dir='ltr'>hi</span> <span class='ocrx_word' id='word_1_317' title='bbox 975 2628 1046 2659; x_wconf 91' lang='lat' dir='ltr'>ornnes</span> <span class='ocrx_word' id='word_1_318' title='bbox 1058 2615 1095 2659; x_wconf 84' lang='lat' dir='ltr'>ens</span> 
     </span>
     <span class='ocr_line' id='line_1_34' title="bbox 138 2685 1074 2744; baseline -0.001 -15"><span class='ocrx_word' id='word_1_319' title='bbox 138 2688 173 2743; x_wconf 89' lang='lat' dir='ltr'>qui</span> <span class='ocrx_word' id='word_1_320' title='bbox 188 2687 233 2729; x_wconf 89' lang='lat' dir='ltr'>Deo</span> <span class='ocrx_word' id='word_1_321' title='bbox 250 2686 353 2740; x_wconf 79' lang='lat' dir='ltr'>conjuncti</span> <span class='ocrx_word' id='word_1_322' title='bbox 372 2693 430 2744; x_wconf 83' lang='lat' dir='ltr'>sunt7</span> <span class='ocrx_word' id='word_1_323' title='bbox 445 2688 539 2743; x_wconf 80' lang='lat' dir='ltr'>ignotum</span> <span class='ocrx_word' id='word_1_324' title='bbox 554 2687 669 2742; x_wconf 84' lang='lat' dir='ltr'>rnirurnque</span> <span class='ocrx_word' id='word_1_325' title='bbox 683 2687 705 2728; x_wconf 94' lang='lat' dir='ltr'>in</span> <span class='ocrx_word' id='word_1_326' title='bbox 720 2685 803 2728; x_wconf 87' lang='lat' dir='ltr'>rnodunr</span> <span class='ocrx_word' id='word_1_327' title='bbox 818 2686 921 2730; x_wconf 89' lang='lat' dir='ltr'>honorant</span> <span class='ocrx_word' id='word_1_328' title='bbox 936 2699 961 2730; x_wconf 86' lang='lat' dir='ltr'>ao</span> <span class='ocrx_word' id='word_1_329' title='bbox 975 2692 1074 2730; x_wconf 86' lang='lat' dir='ltr'>metuunt.</span> 
     </span>
     <span class='ocr_line' id='line_1_35' title="bbox 195 2755 1096 2814; baseline 0 -14"><span class='ocrx_word' id='word_1_330' title='bbox 195 2756 247 2800; x_wconf 90' lang='lat' dir='ltr'>XXI.</span> <span class='ocrx_word' id='word_1_331' title='bbox 277 2755 334 2800; x_wconf 85' lang='lat' dir='ltr'>Sicut</span> <span class='ocrx_word' id='word_1_332' title='bbox 349 2759 401 2800; x_wconf 81' lang='lat' dir='ltr'>eninr</span> <span class='ocrx_word' id='word_1_333' title='bbox 418 2758 512 2802; x_wconf 75' lang='lat' dir='ltr'>Caesaris</span> <span class='ocrx_word' id='word_1_334' title='bbox 528 2758 610 2800; x_wconf 87' lang='lat' dir='ltr'>tribuno</span> <span class='ocrx_word' id='word_1_335' title='bbox 626 2757 714 2813; x_wconf 80' lang='lat' dir='ltr'>subJ&#39;eoti</span> <span class='ocrx_word' id='word_1_336' title='bbox 728 2758 800 2801; x_wconf 86' lang='lat' dir='ltr'>milites</span> <span class='ocrx_word' id='word_1_337' title='bbox 815 2764 900 2813; x_wconf 88' lang='lat' dir='ltr'>propter</span> <span class='ocrx_word' id='word_1_338' title='bbox 916 2771 973 2814; x_wconf 85' lang='lat' dir='ltr'>euro,</span> <span class='ocrx_word' id='word_1_339' title='bbox 997 2759 1032 2813; x_wconf 83' lang='lat' dir='ltr'>qui</span> <span class='ocrx_word' id='word_1_340' title='bbox 1053 2770 1096 2813; x_wconf 86' lang='lat' dir='ltr'>po-</span> 
     </span>
     <span class='ocr_line' id='line_1_36' title="bbox 114 2826 1095 2887; baseline -0.002 -14"><span class='ocrx_word' id='word_1_341' title='bbox 114 2833 232 2877; x_wconf 72' lang='lat' dir='ltr'>potestatem</span> <span class='ocrx_word' id='word_1_342' title='bbox 248 2826 313 2883; x_wconf 82' lang='lat' dir='ltr'>dedit,</span> <span class='ocrx_word' id='word_1_343' title='bbox 337 2829 356 2870; x_wconf 88' lang='lat' dir='ltr'>ei</span> <span class='ocrx_word' id='word_1_344' title='bbox 371 2830 404 2885; x_wconf 84' lang='lat' dir='ltr'>qui</span> <span class='ocrx_word' id='word_1_345' title='bbox 418 2835 542 2884; x_wconf 84' lang='lat' dir='ltr'>potestatem</span> <span class='ocrx_word' id='word_1_346' title='bbox 558 2830 647 2887; x_wconf 76' lang='lat' dir='ltr'>accepit,</span> <span class='ocrx_word' id='word_1_347' title='bbox 669 2829 770 2871; x_wconf 87' lang='lat' dir='ltr'>honorem</span> <span class='ocrx_word' id='word_1_348' title='bbox 791 2828 897 2885; x_wconf 82' lang='lat' dir='ltr'>defernnt,</span> <span class='ocrx_word' id='word_1_349' title='bbox 919 2829 940 2871; x_wconf 90' lang='lat' dir='ltr'>in</span> <span class='ocrx_word' id='word_1_350' title='bbox 961 2835 1049 2887; x_wconf 82' lang='lat' dir='ltr'>tanturn,</span> <span class='ocrx_word' id='word_1_351' title='bbox 1073 2833 1095 2871; x_wconf 85' lang='lat' dir='ltr'>ut</span> 
     </span>
    </p>
   </div>
   <div class='ocr_carea' id='block_1_5' title="bbox 139 2955 1095 3187">
    <p class='ocr_par' dir='ltr' id='par_1_5' title="bbox 139 2955 1095 3072">
     <span class='ocr_line' id='line_1_37' title="bbox 170 2955 1095 3014; baseline 0.002 -16"><span class='ocrx_word' id='word_1_352' title='bbox 170 2961 187 2998; x_wconf 90' lang='grc'>1.</span> <span class='ocrx_word' id='word_1_353' title='bbox 216 2956 267 2998; x_wconf 84' lang='lat' dir='ltr'>itai)</span> <span class='ocrx_word' id='word_1_354' title='bbox 282 2958 323 2996; x_wconf 81' lang='lat' dir='ltr'>etc</span> <span class='ocrx_word' id='word_1_355' title='bbox 338 2969 361 2996; x_wconf 88' lang='lat' dir='ltr'>ex</span> <span class='ocrx_word' id='word_1_356' title='bbox 376 2959 462 3011; x_wconf 62' lang='lat' dir='ltr'>conjeci„</span> <span class='ocrx_word' id='word_1_357' title='bbox 476 2956 604 3014; x_wconf 74' lang='grc' dir='ltr'><em>βασιλενοῦν·</em></span> <span class='ocrx_word' id='word_1_358' title='bbox 657 2963 677 2999; x_wconf 86' lang='grc'>4.</span> <span class='ocrx_word' id='word_1_359' title='bbox 707 2955 755 3011; x_wconf 71' lang='grc' dir='ltr'>χθές</span> <span class='ocrx_word' id='word_1_360' title='bbox 775 2960 796 3003; x_wconf 90' lang='grc'>0.</span> <span class='ocrx_word' id='word_1_361' title='bbox 833 2962 877 3000; x_wconf 83' lang='grc' dir='ltr'><em>Τακι</em></span> <span class='ocrx_word' id='word_1_362' title='bbox 897 2960 977 2998; x_wconf 83' lang='lat' dir='ltr'>fortasse</span> <span class='ocrx_word' id='word_1_363' title='bbox 995 2960 1032 3009; x_wconf 75' lang='lat' dir='ltr'>leg.</span> <span class='ocrx_word' id='word_1_364' title='bbox 1055 2956 1095 3000; x_wconf 84' lang='grc' dir='ltr'><em>ἐπι-</em></span> 
     </span>
     <span class='ocr_line' id='line_1_38' title="bbox 139 3013 757 3072; baseline 0.002 -14"><span class='ocrx_word' id='word_1_365' title='bbox 139 3032 170 3064; x_wconf 85' lang='grc' dir='ltr'>τες</span> <span class='ocrx_word' id='word_1_366' title='bbox 184 3019 209 3057; x_wconf 87' lang='lat' dir='ltr'>id.</span> <span class='ocrx_word' id='word_1_367' title='bbox 223 3019 241 3056; x_wconf 94' lang='lat' dir='ltr'>in</span> <span class='ocrx_word' id='word_1_368' title='bbox 256 3023 320 3066; x_wconf 81' lang='lat' dir='ltr'>textu,</span> <span class='ocrx_word' id='word_1_369' title='bbox 336 3013 472 3065; x_wconf 83' lang='grc' dir='ltr'><em>άπσλ.αιίοντες</em></span> <span class='ocrx_word' id='word_1_370' title='bbox 486 3022 533 3072; x_wconf 84' lang='lat' dir='ltr'>Epit.</span> <span class='ocrx_word' id='word_1_371' title='bbox 549 3019 561 3060; x_wconf 88' lang='lat' dir='ltr'>l.</span> <span class='ocrx_word' id='word_1_372' title='bbox 571 3031 588 3058; x_wconf 86' lang='lat' dir='ltr'>o.</span> <span class='ocrx_word' id='word_1_373' title='bbox 628 3015 722 3070; x_wconf 74' lang='grc' dir='ltr'><em>θεμένου.</em></span> <span class='ocrx_word' id='word_1_374' title='bbox 737 3020 757 3059; x_wconf 87' lang='lat' dir='ltr'>S.</span> 
     </span>
    </p>

    <p class='ocr_par' dir='ltr' id='par_1_6' title="bbox 168 3072 936 3132">
     <span class='ocr_line' id='line_1_39' title="bbox 168 3072 936 3132; baseline 0.001 -16"><span class='ocrx_word' id='word_1_375' title='bbox 168 3081 186 3127; x_wconf 80' lang='lat'>2,</span> <span class='ocrx_word' id='word_1_376' title='bbox 217 3073 283 3128; x_wconf 80' lang='grc' dir='ltr'><em>ἀενάῳ</em></span> <span class='ocrx_word' id='word_1_377' title='bbox 298 3078 319 3117; x_wconf 82' lang='lat' dir='ltr'>G.</span> <span class='ocrx_word' id='word_1_378' title='bbox 658 3079 677 3116; x_wconf 87' lang='lat'>5.</span> <span class='ocrx_word' id='word_1_379' title='bbox 707 3072 785 3129; x_wconf 64' lang='lat' dir='ltr'>ipsios</span> <span class='ocrx_word' id='word_1_380' title='bbox 804 3080 830 3131; x_wconf 86' lang='lat'>0,</span> <span class='ocrx_word' id='word_1_381' title='bbox 845 3074 900 3132; x_wconf 74' lang='grc' dir='ltr'><em>ὑμεῖς</em></span> <span class='ocrx_word' id='word_1_382' title='bbox 916 3078 936 3117; x_wconf 85' lang='lat' dir='ltr'>G.</span> 
     </span>
    </p>

    <p class='ocr_par' dir='ltr' id='par_1_7' title="bbox 168 3130 602 3187">
     <span class='ocr_line' id='line_1_40' title="bbox 168 3130 602 3187; baseline 0.007 -14"><span class='ocrx_word' id='word_1_383' title='bbox 168 3139 186 3175; x_wconf 85' lang='lat'>3.</span> <span class='ocrx_word' id='word_1_384' title='bbox 215 3137 302 3175; x_wconf 85' lang='lat' dir='ltr'>Fortasse</span> <span class='ocrx_word' id='word_1_385' title='bbox 317 3130 466 3185; x_wconf 63' lang='lat' dir='ltr'>tepiditatis.-</span> <span class='ocrx_word' id='word_1_386' title='bbox 483 3139 602 3187; x_wconf 72' lang='lat' dir='ltr'>„solaprae-</span> 
     </span>
    </p>
   </div>
   <div class='ocr_carea' id='block_1_6' title="bbox 139 3195 602 3291">
    <p class='ocr_par' dir='ltr' id='par_1_8' title="bbox 139 3195 602 3291">
     <span class='ocr_line' id='line_1_41' title="bbox 139 3195 602 3247; baseline 0.015 -17"><span class='ocrx_word' id='word_1_387' title='bbox 139 3195 196 3231; x_wconf 85' lang='lat' dir='ltr'>sentia</span> <span class='ocrx_word' id='word_1_388' title='bbox 218 3197 358 3247; x_wconf 70' lang='lat' dir='ltr'>propellunturt</span> <span class='ocrx_word' id='word_1_389' title='bbox 383 3200 455 3235; x_wconf 81' lang='lat' dir='ltr'>vertunt</span> <span class='ocrx_word' id='word_1_390' title='bbox 475 3196 557 3247; x_wconf 77' lang='lat' dir='ltr'>lleoogn.</span> <span class='ocrx_word' id='word_1_391' title='bbox 571 3197 602 3247; x_wconf 84' lang='lat' dir='ltr'>lV,</span> 
     </span>
     <span class='ocr_line' id='line_1_42' title="bbox 140 3254 208 3291; baseline 0.015 -1"><span class='ocrx_word' id='word_1_392' title='bbox 140 3256 173 3291; x_wconf 80' lang='lat'>32.</span> <span class='ocrx_word' id='word_1_393' title='bbox 189 3254 208 3291; x_wconf 84' lang='lat' dir='ltr'>S.</span> 
     </span>
    </p>
   </div>
   <div class='ocr_carea' id='block_1_7' title="bbox 0 0 1142 3612">
    <p class='ocr_par' dir='ltr' id='par_1_9' title="bbox 0 0 1142 3612">
     <span class='ocr_line' id='line_1_43' title="bbox 0 0 1142 3612; baseline 0 0"><span class='ocrx_word' id='word_1_394' title='bbox 0 0 1142 3612; x_wconf 95' lang='lat' dir='ltr'> </span> 
     </span>
    </p>
   </div>
  </div>
 </body>
</html>
