2276 3612
550 229 578 277 ae
959 231 973 282 t,
989 231 1008 270 ε.
1025 234 1044 270 ο.

87 356 131 394 τοῖς
146 344 219 390 ταῦτα
234 352 309 388 ποιεῖν
324 338 491 398 ολπαγορειλουσι
507 339 589 400 νόμοις
604 340 632 393 uie
646 336 788 402 ολντιπριλξας
805 341 979 401 ιλνσσννειὸλγτοις
988 339 1043 401 βιολ-

87 428 143 464 σοις
159 409 392 462 adconmodatum,
412 404 470 465 μεταλ
486 427 528 455 του
542 410 716 472 ιλνσσυναιλλτιος
737 433 761 461 οε
779 414 863 472 βιονν,
879 413 943 469 οἶμαι
959 409 987 457 ττλ
1003 432 1043 472 aqu

86 481 199 541 ευσιβείας
214 501 247 529 σοι
263 483 343 539 μηκέτι
356 489 493 540 προχωρεῖν,
514 475 541 526 οὗ
557 488 640 529 εἵνεκεν
664 485 700 529 παλ
712 485 876 543 Ῑὲτὸλμησας
913 483 1043 543 dqdputvazv
1095 532 1097 535 ,

84 552 126 614 γολρ
141 549 166 598 τὸ
181 561 244 601 θεῖον
260 554 362 610 λεγουσιν
380 550 416 594 ἐπὶ
433 561 477 599 τοῖς
494 552 521 632 τῇ
536 551 597 598 λιλσει
611 555 732 601 θανόντων
747 554 857 638 σιυμρέτων
874 548 1043 603 σκυλλοιισιτολς

85 622 164 684 ψνχῐλς.
193 621 271 681 lydda
287 623 361 667 nuovo
378 619 477 671 ολνονσνς
492 637 636 679 οννννθνῡρος
651 627 695 681 μὲν
710 621 765 682 πρὸς
780 623 804 670 ud
820 625 927 670 τοιοντον
943 625 1041 682 ε’γχειρη-
1029 634 1057 665 -5

86 712 121 740 σαι
137 692 259 752 ἐγενόμην,
275 710 314 750 equ
329 687 380 736 db
368 693 469 752 απαρχῇς
483 708 529 750 μου
546 688 585 738 οὐκ
600 694 736 753 ἑπαυσολμιγν
724 697 853 754 νβσυλτγς,
850 690 908 740 αλλ
924 689 1042 751 ώςὲμπο-

84 764 167 813 ιλισθεὶς
182 762 224 822 τήν
240 760 313 822 ὁρμὴν
328 758 446 820 ἠθύμουν.
915 786 917 788 v

141 835 171 877 Vl.
203 836 250 880 Καὶ
272 838 310 878 ἵνα
326 830 361 890 μή
377 851 411 879 σοι
425 829 452 877 τολ
469 834 565 879 τοιαῦτα
580 836 658 892 μαιρῴ
673 833 809 893 ιλιιγγήσομαι
830 832 897 893 λόγῳ,
916 839 941 882 ἐν
956 833 1043 882 τοσου-

83 922 129 954 τοις
144 907 260 961 λογισμοῖς
276 904 312 949 vol
330 899 463 961 πράγμασιν
479 901 546 956 ὄντος
561 922 607 962 γιον
623 903 688 962 ιμήμιγ
704 923 738 954 τις
752 901 836 962 ἠρέμα,
856 907 891 951 ἐπὶ
912 909 950 964 τῆς
970 908 1042 963 Τιβε-

84 974 133 1030 pluo
148 974 265 1031 Koloenon
280 974 414 1032 βασιλείας,
437 977 458 1024 ἐξ
474 976 563 1032 ἐαρινῆς
582 975 667 1032 τροπῇς
688 973 730 1032 τὴν
746 971 815 1035 ολργιγν
831 973 983 1031 λαμβάνουσα
998 974 1067 1033 qai-to

82 1047 148 1095 ξιινιν
162 1042 269 1089 ἑιισλστοτε
284 1045 320 1089 ναὶ
336 1041 364 1103 oie
380 1040 469 1102 α’λιγθολς
489 1039 568 1102 alredi)
582 1045 640 1090 Θεοῦ
656 1042 749 1103 ιλγγελος
765 1044 875 1105 ιλιέτρεχε2
890 1040 930 1089 τὸν
945 1041 1041 1101 κόσμον,

82 1109 107 1157 τὸ
123 1115 164 1159 τοὺ
181 1114 241 1159 (aava
257 1112 366 1212 βούλημα
383 1115 452 1174 σιγῇὅ
469 1117 554 1201 στέγειν
569 1114 603 1173 μή
618 1114 742 1173 δυναμένη.
777 1113 882 1161 εἰιολστοτε
899 1111 941 1161 οὖν
957 1116 1040 1161 πλείων

82 1184 117 1229 val
133 1184 240 1241 μείζον’
231 1184 345 1242 εγὲνετολ,
360 1184 497 1243 λέγουσα,’
482 1203 510 1235 roc
525 1203 559 1236 τις
575 1203 630 1231 ποτε
645 1188 670 1230 εν
685 1180 796 1244 Ιουιλιιια,
810 1189 856 1237 ἑξ
847 1203 937 1243 εαρινιγς
952 1202 1040 1241 egone,

81 1251 156 1313 λαβυλν
172 1272 213 1312 την
229 1252 312 1315 ολργμγν,
327 1252 487 1306 Ῑουιλαιόις
460 1274 503 1314 aqu
517 1258 559 1301 τού
575 1253 721 1302 α’ϊίλισυΘεού
736 1252 899 1337 ιιλιγγγιλιζεται
910 1255 1040 1313 βασιλείαν,

80 1317 248 1382 λγςοῖπολαιλειν
264 1326 346 1381 λεγιι’
337 1344 377 1372 εαν
393 1343 426 1376 τις
442 1344 515 1371 αυταν
531 1324 727 1385 προιιατορθολσγγ5
746 1343 788 1382 τιγν
804 1325 931 1371 πολιτειαν
957 1327 1000 1370 του
1016 1324 1065 1370 dtu

81 1393 230 1441 πιστεύεσθαι
246 1391 318 1443 ου’τον
334 1394 410 1456 γιλριν,
426 1394 459 1440 ὅτι
476 1394 593 1453 θειότητος
613 1399 688 1453 γέμων
703 1413 775 1441 ταντα
791 1396 866 1447 πνέει,
888 1390 962 1438 πολλα
977 1399 1039 1439 aaa·

79 1462 151 1521 μιλσια
169 1464 248 1523 oppleto}
265 1484 288 1512 τε
304 1469 340 1513 ναὶ
356 1468 437 1523 τέρατα
454 1463 615 1523 διαπράττεται
635 1465 733 1513 αελεύσει
755 1464 830 1523 μόνῃ,
853 1463 881 1513 ὥς
899 1459 961 1519 nopai
978 1463 1039 1510 Θεοιλ

79 1528 173 1591 εἰλιγμιιλς
191 1533 232 1594 τὴν
251 1537 364 1588 ἐξουσίαν·
391 1532 479 1593 eorporis
499 1531 541 1594 γολρ
564 1547 623 1582 notet
643 1533 746 1590 οἲιοιλειν,
769 1531 868 1592 τυφλούς
891 1530 1041 1589 α’ναβλέπειν,

78 1675 131 1719 libus
144 1674 304 1731 repugnaveris,
324 1676 375 1717 male
390 1676 426 1717 tibi
441 1677 536 1719 oonsoius
546 1668 620 1720 ¹vives:
641 1677 672 1720 sin
691 1676 749 1719 vero
763 1675 874 1731 obedierit,
893 1679 1038 1730 praeterquam

79 1746 134 1801 quod
149 1747 200 1788 mala
215 1747 235 1787 in
252 1748 378 1790 conscientia
401 1749 469 1802 vives,
492 1760 534 1789 non
555 1748 639 1802 amplius
655 1748 690 1789 tibi
712 1748 766 1789 bene
790 1759 875 1789 cessura
896 1746 990 1788 existimo
1013 1751 1063 1788 ea2⁰

78 1829 131 1871 quae
146 1817 171 1859 ad
186 1818 282 1872 pietatem
297 1819 409 1872 pertinent,
425 1818 483 1872 eujus
498 1830 549 1871 ergo
565 1818 602 1860 ista
618 1830 680 1860 ausus
696 1829 725 1860 es.
763 1817 814 1859 Nam
829 1817 895 1858 Deum
916 1817 973 1859 aiunt
989 1816 1037 1858 odio

78 1900 114 1931 eos
129 1890 237 1943 prosequi,
258 1889 293 1943 qui
312 1889 387 1931 animas
406 1894 534 1931 mortuorum
554 1901 565 1929 a
586 1888 708 1941 corporibus
724 1893 830 1941 separatas
850 1887 953 1929 divexant.
990 1887 1035 1941 Ego

77 1963 144 2001 autem
159 1958 190 2001 his
206 1959 278 2001 auditis
294 1959 379 2013 segnior
394 1958 475 2012 quidem
491 1958 516 2000 ad
531 1957 579 1999 illud
594 1957 756 2013 aggrediendum
773 1957 858 2000 allectus
874 1969 929 2012 sum,
951 1969 963 1998 a
980 1968 1035 1998 oon-

77 2029 120 2073 silio
135 2034 202 2071 tamen
218 2029 274 2082 quod
289 2028 345 2071 initio
363 2041 457 2083 ceperam
475 2040 517 2071 non
533 2028 610 2083 destiti,
625 2027 662 2071 sed
677 2028 734 2071 velut
747 2029 772 2069 ab
787 2029 864 2082 impetu
884 2026 980 2070 desiderii
995 2039 1033 2069 re-

23 2107 25 2112 '
75 2099 165 2143 tardatus
181 2099 281 2142 dolebam.
1039 2102 1059 2135 ao

132 2169 164 2212 vt.
194 2168 226 2211 Ae
240 2183 267 2211 ne
282 2170 320 2213 ista
335 2170 371 2212 tibi
385 2170 447 2225 longo
464 2182 561 2213 sermone
578 2170 687 2225 explicem,
708 2181 754 2211 enm
773 2169 793 2210 in
809 2168 882 2211 talibus
899 2168 1033 2224 cogitationi-

74 2241 113 2283 bus
130 2245 150 2283 et
165 2242 254 2295 negotiis
270 2253 311 2295 ego
327 2254 434 2298 versarer,
450 2243 488 2285 sub
503 2242 588 2296 imperio
603 2241 678 2282 'liberii
692 2239 787 2283 Caesaris
802 2239 855 2281 fama
871 2239 971 2294 quaedam
980 2252 1032 2282 sen-

74 2312 121 2368 sim,
138 2325 150 2353 a
166 2324 229 2354 verna
244 2317 366 2366 tempestate
380 2314 436 2356 initio
452 2319 532 2368 sumpto
547 2313 665 2368 passimque
680 2314 756 2367 erevit,
778 2317 799 2354 et
816 2324 891 2354 revera
911 2312 979 2354 bonus
995 2311 1033 2353 Dei

75 2383 161 2424 nuneius
175 2382 272 2424 mnndum
287 2385 413 2439 peragravit,
429 2384 467 2425 Dei
482 2384 608 2426 voluntatem
623 2383 703 2426 silentio
719 2388 792 2437 tegere
808 2395 851 2424 non
866 2383 944 2426 valens.
979 2383 1031 2424 Ubi-

75 2464 114 2506 que
131 2453 192 2507 igitur
208 2453 293 2507 amplior
309 2459 329 2496 et
343 2456 409 2510 maJ'or
427 2455 498 2511 fiebat,
518 2456 623 2510 referens,
644 2453 795 2509 quodquidam
810 2454 830 2494 in
847 2452 936 2509 Judaea,
951 2454 1068 2508 prinei-to

73 2524 106 2577 pio
122 2529 202 2577 sumpto
219 2536 230 2565 a
245 2537 310 2567 verno
326 2530 430 2584 tempore,
446 2527 525 2569 aeterni
538 2526 577 2568 Dei
591 2538 678 2581 regnum
693 2525 776 2567 ludaeis
792 2525 907 2580 annunciet,
924 2537 965 2579 quo
976 2525 1028 2566 frui-

73 2599 140 2637 turum
157 2608 203 2639 esse
220 2608 246 2637 en
260 2596 365 2639 illisdioit
386 2609 441 2653 eum,
464 2598 498 2652 qui
519 2598 580 2639 vitam
599 2601 676 2638 rectam
699 2595 869 2650 emendatumque
895 2595 965 2637 ducat:
987 2606 1027 2648 quo

73 2670 140 2706 antem
156 2666 251 2707 credatur
265 2666 331 2720 ipsum
347 2668 454 2711 divinitatis
469 2668 551 2723 plenum
570 2667 622 2709 liaeo
636 2666 692 2721 loqui
714 2679 738 2708 ao
754 2666 863 2721 inspirare,
883 2667 944 2708 multa
964 2668 1027 2710 mira-

73 2734 130 2790 bilia,
145 2735 204 2790 signa
220 2741 240 2778 et
255 2738 349 2793 prodigia
365 2739 406 2780 edit
420 2739 464 2782 sola
476 2739 582 2794 jussione,
599 2738 657 2794 quasi
672 2737 706 2792 qui
720 2750 731 2778 a
746 2737 792 2779 Deo
809 2737 912 2790 acceperit
932 2743 1027 2791 potesta-

72 2811 122 2849 tem:
137 2806 212 2850 surdos
228 2808 280 2849 enim
298 2810 346 2852 laoit
362 2811 443 2868 audire,
459 2823 535 2854 caecos
550 2810 631 2864 videre,
646 2809 733 2863 pedibus
749 2807 827 2851 debiles
843 2807 951 2863 ambulare,
966 2808 1052 2851 olan-‚tt

103 2924 120 2960 1.
151 2919 334 2963 aninrutandumin
355 2922 410 2966 τουτ’
427 2922 535 2967 veterata.
591 2930 609 2964 2
639 2920 764 2977 διιγρχετοῦ

73 2981 91 3018 S.
107 2974 130 3020 ab
152 2978 215 3021 ιἰεκεν
235 2979 260 3021 τιλ
281 2997 365 3024 τοιιλντιι
388 2983 475 3037 ἐτόλμας
488 2986 535 3035 Epit.
590 2988 608 3023 3.
636 2984 714 3022 ltaOo.
730 2983 777 3032 Epit.
765 2986 830 3021 tmoli
846 2979 907 3031 σιγᾶν,
925 2980 1024 3036 στεγιΉμο

73 3042 114 3078 c..5
145 3042 195 3086 Quae
210 3043 329 3090 sequnntur
324 3055 342 3081 m
357 3045 403 3093 lipit
392 3048 453 3084 aaa
469 3045 493 3083 tta
506 3047 534 3083 le
560 3056 616 3094 σιγαν
630 3057 664 3082 ,ιαι
680 3040 779 3095 uzipetes
795 3045 869 3080 auclore
884 3040 986 3081 Gallandio.

72 3102 147 3166 guntur:
164 3096 274 3152 ἑχνραινειν
288 3097 326 3168 γιλρ
342 3099 364 3142 τὸ
381 3106 436 3143 detor
447 3101 535 3155 λεγουσιν
587 3105 606 3140 4.
637 3096 746 3153 ε’γιιετοθ

72 3151 103 3195 ἐπὶ
119 3161 160 3202 τοῖς
175 3156 282 3198 στέλλουσι
297 3156 335 3204 τιλς
349 3158 417 3214 ψυγιλς
435 3160 484 3214 μετὰ
500 3177 535 3216 eqo
589 3163 606 3200 5.
623 3157 827 3215 ποοσαιιτσρβώσιιῦ
835 3158 878 3196 Turn
889 3159 942 3198 deest
950 3155 970 3199 δι
977 3158 1022 3197 1110

71 3209 112 3254 ιἰτισ
128 3230 163 3256 τον
178 3232 272 3271 σωματος
287 3215 366 3260 ἔκλιναν
381 3218 476 3266 dadinum.
