2276 3612
525 267 552 313 99
895 265 923 319 111,
941 266 974 308 38.
992 269 1025 309 39.

59 384 132 432 λεπάν
149 379 323 441 ἀπηλλαγμένος
346 385 436 431 παθῶν.
474 382 499 431 ὃν
520 385 543 430 dt
568 380 594 430 od
615 381 657 445 φῂς
673 380 826 442 δημιουργόν,
846 390 893 432 τοῖς
909 380 1023 431 ἐναντίοις

59 452 233 510 οἷντινείμενος1
247 452 359 513 τυγχάνει.

115 522 204 568 XXXIX.
240 520 331 571 Aueiae
352 523 410 582 γοῦν
434 518 446 568 ὁ
466 519 519 568 καθ’
543 522 650 581 ὁμοίωσιν
673 521 745 569 αὐτοῦ
764 522 861 583 γεγονώς
880 517 959 580 'Adde
982 522 1018 567 ναὶ

58 591 141 651 τυφλὸς
157 595 272 651 ντίζεταιῖ
288 596 324 640 ναὶ
337 595 422 652 γνῶσιν
436 589 529 651 άγαθοῠ
545 590 560 651 ἢ
575 596 646 639 aenou
662 590 704 640 ov’u
725 597 780 652 ἔχων
795 594 963 651 παραδέδοται,
982 593 1019 637 καὶ

2 681 4 702 ³
58 663 195 722 παραβάτης
210 662 336 726 εάρίονεται
352 665 388 709 ναὶ
404 663 444 709 τοῦ
460 662 599 720 παραδείσου
621 660 753 721 ἐκβάλλεται
772 665 809 708 noi
828 661 924 722 θανάτῳ
946 676 1034 719 τιμία-5

59 744 135 792 ρεῖται.
165 731 249 791 ὁμοίως
263 752 287 779 τε
303 734 339 779 ναὶ
354 732 366 779 ὁ
382 730 472 784 πλάσας
488 728 570 785 αὐτόν,
591 731 639 777 ἐπεὶ
651 726 688 788 ’μη
703 731 850 792 πανταχόθεν
864 734 959 792 βλέπει,
982 732 1019 777 ἐπὶ

57 805 84 864 τῇ
100 804 210 862 Σοθόμων
225 805 371 862 καταστροφῇ
387 804 473 863 teynt-
498 803 563 849 tedes
587 803 624 848 ναὶ
644 802 788 860 καταβάντες
804 804 898 860 ἴδομεν,
917 808 938 850 εἰ
959 798 1018 848 νατά

0 880 3 935 J
57 872 100 930 την
115 872 215 933 νραυγην
231 870 305 920 αὐτῶν
320 869 362 932 την
376 875 501 934 ἐρχομένην
517 872 573 931 πρός
587 891 617 930 με
634 873 808 918 ουντελουνται·
831 875 851 917 εἰ
869 874 892 919 δὲ
910 871 956 930 μη,
978 879 1017 919 ἵνα

0 973 3 986 2
56 943 112 1002 γνώ·
128 945 164 989 ναὶ
179 941 310 1002 ἀγνοοῦντα
325 939 425 990 ederint
440 944 562 991 deterere.
596 941 643 1002 ed⁵
659 943 683 988 dt
698 945 771 987 εἰπεῖν
785 943 835 1000 περὶ
856 945 896 988 τοο
909 940 1016 1002 'Aderit'

57 1010 187 1070 ἐκβάλωμεν
203 1010 287 1066 αὐτόν,
301 1013 383 1071 μήπως
397 1015 498 1066 ἐντείνας
513 1012 556 1072 την
571 1024 632 1074 χεῖρα
649 1008 721 1059 αὐτοῦ
737 1009 826 1070 άφηται
840 1014 881 1058 τού
896 1011 964 1064 ξύλον
979 1016 1017 1072 τῆς
1024 1029 1043 1062 10

57 1084 111 1140 ζωῆς
126 1084 162 1129 ναὶ
178 1081 239 1143 φάγη
255 1084 291 1128 ueri
308 1083 416 1142 ζηοεται7
431 1089 462 1136 εἰς
478 1084 615 1133 euentura·
636 1086 666 1144 τῷ
682 1088 756 1130 εἰπεῖν
770 1082 864 1141 μηποις,
880 1078 969 1141 άγνοεῑ*
989 1086 1018 1142 τοι

57 1154 79 1199 δὲ
95 1158 230 1213 ἐπαγαγεῖν,
244 1149 277 1211 μη
293 1172 339 1205 ποις
354 1152 432 1215 φαγάν
448 1155 555 1215 ζηόεται8
571 1160 603 1208 εἰς
618 1153 659 1202 τὸν
675 1155 754 1206 αἰῶνα,
769 1154 805 1198 net
822 1158 911 1210 φθονεῖ.
941 1152 977 1198 ναὶ
987 1152 1018 1212 τῷ

56 1222 199 1283 γεγράφθαι,
224 1221 258 1269 ὅτι
274 1225 411 1284 ἐνεθυμήθη
427 1224 438 1272 o‘
455 1224 525 1279 Θεάς,
548 1224 583 1273 ὅτι
599 1226 692 1284 ε’ποιήοε
707 1222 748 1269 τὸν
764 1222 903 1281 άνθροιπον,
924 1223 960 1268 ναὶ
974 1241 1018 1280 με·

57 1304 133 1340 τανοεῑ
147 1295 183 1340 ναὶ
199 1290 286 1352 άγνοεῑ·
307 1290 333 1340 τά
348 1292 392 1353 γάρ
406 1291 546 1356 ἐνεθυμήθη
568 1298 646 1354 ονὲφις
667 1295 744 1347 ἐστίν,
768 1285 802 1351 ᾗ9
818 1309 853 1343 τις
873 1288 900 1337 de’
919 1289 1017 1350 άγνοιαν

57 1357 86 1408 ὧν
101 1362 211 1420 βούλεται
227 1361 252 1410 τά
268 1365 332 1415 τέλος
348 1363 474 1423 α’τριβώοαι
491 1367 567 1418 θέλει,
588 1363 655 1422 diret
676 1366 706 1424 τῷ
727 1359 759 1420 μη“
775 1358 832 1407 need
848 1362 942 1420 γνώμην
957 1360 1044 1413 dero-15

4 1473 6 1484 ι,
56 1434 125 1493 βάντι
140 1435 330 1493 Ιμεταμελομένου
338 1434 365 1478 ¹⁰.
396 1436 433 1481 nei
449 1434 474 1480 ed
489 1434 633 1494 γεγράφθαι,
652 1434 689 1481 ναὶ
706 1429 833 1491 ωὀφράνθη
851 1429 927 1489 κύριος
943 1427 1018 1489 οόμην

56 1576 112 1618 maiis
127 1575 231 1619 affectibus
245 1576 304 1619 liber.
334 1575 369 1619 Itie
385 1580 465 1631 autem,
481 1588 542 1631 quem
557 1574 659 1631 loqueris,
682 1573 752 1617 mundi
768 1573 838 1630 opifex
853 1574 960 1617 contrariis
977 1586 1017 1629 op-

5 1634 6 1638 *
56 1647 134 1702 positus
150 1651 187 1688 est.
229 1657 230 1660 ’

112 1716 202 1759 ΧΧΧΙΧ.
232 1716 302 1760 Statim
318 1729 370 1772 ergo
387 1717 422 1772 qui
437 1716 463 1760 ad
479 1718 524 1772 ejus
539 1716 690 1760 similitudinem
706 1716 773 1760 taetus
788 1722 829 1774 est,
841 1716 939 1774 Adamus,
956 1718 1017 1760 etiam

0 1796 8 1828 ss
56 1799 131 1830 caecus
146 1792 229 1829 ereatur
245 1793 265 1829 et
281 1787 421 1843 cognitIonem
437 1786 486 1829 boni
502 1786 535 1828 vel
551 1786 597 1828 maii
613 1798 655 1828 non
675 1786 774 1831 habuisse
789 1788 884 1844 traditur,
905 1794 926 1830 et
946 1793 1016 1831 trans-
1023 1800 1043 1834 να

5 1892 6 1895 ,
56 1870 141 1912 gressor
156 1858 266 1914 invenitur,
288 1863 308 1900 et
324 1859 403 1913 ejicitur
425 1857 546 1912 eparadiso
570 1862 677 1912 morteque
697 1859 812 1901 muletatur.
845 1859 907 1902 Simili
930 1871 1016 1914 quoqne

56 1928 128 1984 modo,
144 1928 179 1983 qui
193 1928 250 1969 finxit
263 1927 328 1970 iilum:
344 1928 511 1984 quandoquidem
522 1927 612 1982 undique
627 1940 670 1970 non
685 1928 747 1984 videt,
762 1930 783 1971 in
796 1924 934 1973 Sodomorum
951 1930 1013 1971 exitio

0 2024 10 2058 '3
56 2001 92 2040 ait:
106 1999 174 2040 venite
188 2003 210 2039 et
223 1999 370 2040 descendentes
383 2000 503 2052 ονάεαιννο,
521 2011 548 2040 αν
564 1998 676 2040 seeundum
691 1999 801 2041 clanmorem
816 1996 918 2054 ν’ροονννι,
935 2001 970 2054 φατ’
986 2001 1015 2041 ed

55 2082 85 2110 me
100 2070 163 2120 uenit,
176 2069 299 2122 perficiant,¹
319 2070 352 2112 ειν
366 2070 433 2112 notens
447 2076 471 2112 et
484 2071 560 2121 οολαιν,Ι
574 2058 619 2124 en,
637 2070 732 2126 ignarum
748 2083 771 2113 se
792 2071 887 2114 ostendit.
923 2070 1016 2113 Etcum

56 2139 102 2181 dieit
117 2139 143 2182 de
158 2138 248 2182 Adamo:
269 2141 376 2194 ejtee'amnr
391 2155 446 2195 eane,
470 2155 496 2183 ne
514 2142 570 2194 ferte
590 2145 677 2183 extenso
696 2154 759 2184 ννανα
778 2154 817 2183 ενα
836 2143 925 2197 attineat
939 2142 1042 2195 λὶηνυνννε

1 2235 8 2250 ι
55 2213 121 2264 vitoe,
138 2216 158 2253 et
172 2212 275 2263 comedat,
292 2217 313 2253 et
325 2213 381 2254 oioet
395 2213 417 2254 ιἰι
432 2219 551 2263 aeternam,-
571 2212 669 2268 dicendo,
685 2226 710 2254 ne
724 2212 789 2266 ferte,
805 2213 898 2269 ignorat3
920 2212 1015 2256 addendo

56 2288 132 2339 autern,
147 2295 173 2323 ne
187 2281 242 2334 sorte
257 2284 365 2326 eornedens
380 2285 439 2327 οιόαο
452 2286 474 2326 ι’νι
489 2289 606 2336 deterream,
625 2283 704 2326 invidet
719 2296 810 2339 quoqne.
847 2283 896 2326 Cum
918 2283 1016 2338 seriptum

9 2363 11 2382 ³
57 2360 97 2398 est:
110 2366 179 2395 οεονιν
194 2354 380 2413 νομνῑαοάνλλονο,
400 2357 456 2412 qnod
473 2355 684 2409 fecissetleomtnem,
708 2360 728 2397 et
747 2355 874 2408 poenitentia
896 2353 976 2396 ducitur
995 2360 1016 2397 et

56 2424 147 2481 ignorat:
167 2436 214 2466 nam
229 2424 287 2480 iilud,
308 2440 377 2468 seeum
395 2427 509 2482 reputavit,
526 2425 664 2468 consideratio
682 2430 723 2480 est,
743 2437 782 2478 qua
803 2424 875 2479 aliquis
896 2424 922 2466 ob
944 2437 1015 2467 eornm

5 2507 9 2534 1
57 2509 109 2550 quae
124 2497 180 2551 eupit
193 2497 344 2552 ignorationem
359 2500 420 2541 finem
437 2498 545 2553 diligenter
560 2497 670 2550 explorare
686 2495 738 2549 vult,
762 2500 797 2537 aut
812 2496 910 2538 convenit
925 2507 970 2545 eam
988 2497 1039 2538 ohan

9 2578 10 2582 ¹
56 2579 98 2610 rem
113 2569 235 2625 poenitenti,
252 2582 305 2624 quae
320 2582 363 2612 non
378 2568 491 2613 seeundum
507 2567 628 2610 sententiam
643 2566 735 2621 contigit.
765 2566 825 2615 Quod
841 2567 901 2610 etiam
917 2567 1014 2620 seriptum

85 2718 103 2755 1.
133 2712 261 2768 ὑποκείμενον
277 2716 298 2754 0.
319 2718 371 2757 Haud
386 2720 439 2758 male.
576 2720 595 2756 6.
624 2713 668 2756 Gen.
686 2717 705 2764 3,
722 2719 755 2755 22.

84 2780 104 2814 2.
133 2776 213 2815 Meminit
218 2775 323 2814 Philostrius
330 2778 467 2817 haereticorum
474 2788 521 2827 qnou
575 2778 594 2816 7.
624 2769 704 2825 ζησηται
713 2775 733 2813 S.
749 2775 792 2812 Turn
799 2769 821 2814 τὸ
830 2769 889 2815 εἰπεῖν
897 2792 925 2804 2²
934 2770 956 2814 ed
965 2769 986 2813 δὲ
993 2769 1012 2814 (λ

6 2838 12 2877 ³,
55 2835 141 2881 tundam,
161 2835 191 2883 qni
205 2835 303 2873 Adamum'
317 2840 334 2874 et
360 2837 416 2875 Evam
436 2837 521 2876 dicebant
575 2836 594 2872 8.
625 2830 706 2885 ζήσηται
719 2834 738 2872 S.
769 2835 813 2871 Tum
828 2829 851 2873 ed
869 2830 982 2886 γεγράφθαι
991 2834 1010 2871 Cr

5 2898 13 2945 ’χ
56 2901 122 2931 caecos
138 2893 204 2944 fnisse,
221 2899 316 2942 antequam
332 2901 438 2943 gustassent
452 2898 474 2935 de
491 2907 521 2934 ar·
576 2897 594 2931 9.
623 2885 634 2942 ᾖ
650 2893 675 2939 D,
691 2886 703 2942 ἢ
718 2892 733 2930 C
749 2892 763 2930 0
780 2897 798 2931 et
812 2893 859 2943 Epit.
888 2893 933 2931 iliud
949 2891 1011 2941 enpria

55 2949 110 3000 hore3
134 2958 237 3003 posteaque
252 2952 346 3002 apernisse
362 2956 438 3005 oeulos,
459 2960 477 2994 et
492 2954 521 2994 vi·
546 2951 577 2991 mit
590 2950 652 2989 versio
670 2949 696 2989 Gi.

4 3008 13 3061 3³3
56 3008 105 3048 disse
120 3012 220 3052 nuditatem
236 3023 292 3051 snam.
310 3010 343 3050 CC
576 3013 608 3048 10.
622 3006 792 3062 μεταμελομένου,
824 3011 872 3060 qnod
893 3015 965 3059 spectet
989 3011 1012 3051 nd

7 3071 8 3080 ²
85 3073 103 3107 3.
135 3071 179 3109 Gen¹
196 3073 227 3120 18,
244 3074 278 3110 21.
547 3066 618 3122 σκέψις
632 3069 657 3118 D,
679 3065 829 3122 μεταμελημένφ
849 3070 871 3118 G,
890 3070 1012 3124 μεταμελοο·

10 3143 14 3186 3
84 3131 103 3166 4.
135 3124 198 3169 αὑτὸν
214 3130 238 3180 C,
255 3124 317 3169 αὑτὸν
332 3129 351 3169 S.
547 3125 606 3182 με’νου
622 3127 682 3179 lipia,
697 3126 848 3181 μεταμελομένη)
864 3128 884 3166 0.

83 3188 101 3224 5.
134 3187 162 3238 τῷ
183 3188 230 3238 Epir.
250 3201 265 3229 e.
283 3190 320 3239 35,
342 3181 364 3228 ed
386 3190 400 3227 C
421 3192 442 3229 0.
480 3188 523 3229 Tum

1 3249 12 3279 I
55 3238 124 3286 ἑαυτὸν
143 3248 165 3286 0.
194 3284 196 3287 .

775 3318 807 3365 7&
