2276 3612
111 214 172 264 xuni,
192 217 270 253 ε-ιο,
567 209 609 252 ano

109 329 146 373 not
160 324 172 373 ὁ
186 328 284 385 Πέτρος·
300 322 385 370 οὐκοῦν
403 321 472 373 αὐτὸς
486 322 559 380 μόνος
575 323 689 382 εὐλάγαςῙ
704 321 875 370 ἀποκαλύπτειν
891 319 985 380 άρίοθκγ,
999 321 1070 380 μόνος

109 395 151 444 τὸν
166 398 262 444 ἑκάστοα
279 397 334 441 noun
350 390 421 443 εἰάάς.
438 395 474 438 καὶ
493 390 519 439 ov'
536 394 563 441 ον’
579 392 591 439 ὁ
606 395 665 453 μηδὲ
680 393 708 441 τά
728 390 766 449 ὑφ’
782 388 847 449 ἡμῶν
868 390 979 450 λεγόμενα
1002 390 1070 438 δονά-

111 487 181 525 μενος
197 467 304 514 κατιέναι.

168 540 200 582 ΙΧ.
233 538 307 581 Τοῦτο
325 536 367 581 τοῦ
383 535 473 592 Πέτρον
489 530 596 585 εἰπόντος
612 532 658 581 άπὸ
673 539 717 593 μέν
732 536 776 578 τών
792 531 862 595 άχλαν
870 539 964 584 ἔπαινος
976 536 1070 593 ἐγένετο.

87 609 162 656 eddi
177 605 258 665 Σίμων
279 605 410 662 κατάφωρος
431 604 539 663 γεγονώς,
563 607 677 657 αἰδεσθεὶς
697 601 833 662 maurimonte,
856 606 891 648 καὶ
916 601 942 650 τὸ
964 607 1070 661 μέτοικον

110 681 191 736 τρέψας
207 683 261 734 drap·
276 671 323 723 αλλ’
339 679 379 732 ἐμέ
394 673 471 733 μάγον
488 671 593 734 λέγοαοιν
609 674 654 722 dard
672 677 760 731 Πέτρον
783 673 908 731 νικώμενον
916 676 935 729 ²,
957 672 1013 722 dttd
1034 683 1070 725 noi

111 747 307 805 ονλλογιζάμενον.
337 745 378 790 ov'a
395 747 464 795 εἴτις
480 745 503 791 di
520 749 693 805 ααλλογιοθεέκ,
715 746 885 803 taruannensis
907 742 948 804 κάν
967 751 991 791 ἒν
1012 744 1071 810 αὐτῷ

111 815 224 873 ἀλάθειαν
240 817 392 875 νενικημένον
410 821 460 877 ἔχει.
498 815 526 862 ον’
540 814 584 875 γάρ
599 816 613 875 ἦ
629 809 737 864 diatono
757 816 798 860 noc]
818 816 959 866 ἐκδικοῦντος
974 813 1070 875 disiderii

111 893 158 934 ἒοτι
173 889 215 933 nod
232 888 359 945 νικωμένου
367 887 383 933 3.
415 886 476 945 πλὴν
493 890 552 946 φημί
568 901 614 941 oar,
634 885 672 933 ,ὅτι
694 885 733 943 tyni
750 881 805 935 τοάς
826 887 969 942 παρεστῶτας
985 887 1073 941 πάντας

88 957 186 1012 incidians
201 962 276 1016 ἔκρινα
291 960 376 1016 γνῶναι
392 955 432 1003 τὸν
447 961 471 1003 έν
488 955 623 1016 άπορρκγτοις
640 959 731 1014 πατέρα.
770 953 804 1001 διὸ
818 956 917 1015 δημοσία
931 975 977 1013 μον
994 957 1072 1011 αὐτοῖς

112 1026 329 1082 άποκαλάπκοντος,
348 1026 375 1074 od
392 1027 476 1078 cdndg4
497 1025 533 1073 dat
550 1028 641 1086 φθάνον
664 1029 714 1085 ἐμοὶ
736 1027 765 1087 τῷ
785 1022 908 1083 εὐεργετεῖν
926 1023 1009 1079 αὐτοάς
1031 1031 1073 1076 ds'-

114 1103 175 1147 λοντι
191 1099 344 1160 χαλεπαίνεις.

170 1170 195 1213 X.
226 1170 271 1214 Καὶ
288 1166 299 1213 ὁ
314 1169 401 1224 Πέτρος
416 1171 467 1223 ἔφη·
484 1164 560 1223 ἐπειδή
577 1163 713 1223 άρεοκάντας
728 1176 775 1216 τοῖς
790 1169 904 1224 παροάοικ
920 1166 994 1227 ὄχλοις
1003 1167 1073 1219 οὕτως

112 1239 181 1299 ἔφης,
197 1238 237 1297 ε’γά
253 1240 292 1295 ἐρα]
308 1237 348 1283 οάκ
364 1235 512 1295 άρεοκάντιος,
528 1231 594 1282 citi'5
610 1232 708 1293 άληθῶς.
739 1238 787 1294 λέγε
803 1255 844 1294 μοι
849 1271 856 1290 ,
872 1238 920 1289 πῶς
935 1234 1011 1290 άξέονς
1026 1240 1073 1284 έπέ-

89 1322 194 1356 15οταοαι
209 1306 262 1357 τοές
278 1308 420 1363 παρεστῶτας
436 1306 539 1359 πάντας,
566 1304 625 1351 ὄπον
647 1323 681 1350 oca
697 1307 827 1364 ἐκφαίνοντι
844 1304 891 1353 on'd'
907 1307 938 1357 εἷς
953 1310 1074 1364 συνέθετο,-

113 1379 138 1424 τά
154 1375 197 1437 γάρ
213 1379 262 1435 ἐμοὶ
278 1375 422 1435 ποιήσασθαι
437 1373 497 1421 κατά
514 1379 555 1423 oon]
571 1373 611 1422 τὸν
629 1374 724 1423 έπαινον
744 1373 783 1422 οὐκ
800 1376 848 1424 1εὀτι
871 1382 1074 1436 συγκαταθεμένων

115 1450 159 1502 σοι’,
176 1446 239 1493 α’λέέῦ
255 1450 319 1504 ἐμοὶ,
341 1441 406 1505 pinni
421 1445 461 1491 τὸν
478 1446 575 1494 έπαινον
591 1446 619 1498 ὥς
638 1444 713 1505 ὀρθῶς
732 1446 831 1507 εἰρηκότι
854 1446 990 1505 άπένειμαν.
1027 1445 1074 1495 ‹itt'

116 1518 191 1576 ἐπειδὴ
207 1515 218 1563 ὁ
236 1517 292 1568 Θεὸς
308 1519 392 1568 δίκαιος
414 1514 571 1576 donnapetra
593 1517 632 1563 τὸν
653 1519 748 1566 ἑκάστου
763 1520 834 1573 noda,
856 1515 927 1578 ὃςοῂς
943 1516 1027 1577 utpote
1043 1523 1074 1566 εἷ-

117 1660 229 1703 ocssarium
245 1664 277 1701 est
290 1659 318 1700 ita
333 1658 417 1700 habere.
447 1658 497 1699 'ium
513 1658 595 1699 Petrus:
615 1657 686 1712 Itaque
702 1659 734 1699 iile
750 1659 807 1701 solus
822 1645 896 1700 merito
912 1659 1006 1701 revelare
1022 1659 1074 1701 defi-

91 1733 171 1779 20nitus
187 1735 228 1786 est,
245 1730 279 1784 qni
295 1728 352 1771 scius
367 1728 529 1781 uniuscujusque
546 1734 634 1770 mentem
651 1730 717 1779 novit,
733 1734 753 1771 et
766 1741 809 1770 non
824 1735 852 1785 tn,
869 1730 903 1784 qui
919 1742 945 1771 ne
958 1742 983 1771 ea
993 1730 1075 1784 quidem

117 1814 169 1856 qnae
186 1815 197 1843 a
213 1801 271 1843 nobis
287 1799 381 1841 dicuntur
396 1803 456 1852 potes
471 1799 593 1852 intelligere.

172 1872 205 1915 IX.
235 1870 257 1913 Id
273 1871 354 1912 Petrum
369 1869 471 1910 dicentem
486 1870 574 1923 populus
590 1870 683 1912 laudibus
698 1876 822 1925 prosecutus
839 1876 875 1913 cst.
906 1870 933 1913 At
953 1871 1032 1925 Simon,
1055 1870 1075 1911 in

115 1944 173 1998 lapsu
189 1941 339 1998 deprehensns,
361 1953 410 1995 prae
426 1940 505 1993 pudore
528 1941 618 1996 erubuit,
640 1947 702 1996 atque
717 1941 788 1983 fricata
809 1941 878 1983 fronte
898 1941 958 1983 dixit:
978 1941 1023 1983 Jam
1043 1952 1075 1981 me

117 2026 198 2069 magum
214 2014 269 2054 aiunt
285 2025 296 2053 a
311 2012 371 2053 Petro
394 2022 435 2052 non
457 2016 535 2052 tantum
553 2013 637 2068 victum,
662 2013 698 2054 sed
722 2019 742 2055 et
763 2013 953 2055 ratiocinationibus
973 2025 1074 2067 pressum.

93 2086 162 2131 25N0n
182 2089 250 2127 autem
274 2084 322 2124 iicet
343 2082 388 2135 quis
407 2082 597 2125 ratiocinationibus
616 2089 731 2139 prematur,
748 2083 844 2138 abreptus
866 2084 971 2125 veritatem
991 2086 1011 2125 in
1031 2085 1075 2138 ipso

116 2158 190 2198 victam
205 2153 273 2195 habet.
302 2152 375 2205 Neque
389 2151 443 2191 enim
457 2151 563 2195 infirmitas
580 2153 709 2195 defendentis
724 2155 800 2195 veritas
816 2157 847 2195 est
863 2156 983 2207 superantis.
1015 2157 1075 2199 Atta-

118 2238 165 2268 men
181 2226 213 2267 aio
229 2224 275 2278 tibi,
291 2236 324 2264 me
340 2234 412 2263 omnes
428 2222 531 2265 adstantes
543 2224 670 2278 judicavisse
693 2225 774 2280 dignos,
798 2225 832 2278 qui
851 2224 872 2264 in
895 2227 974 2267 arcanis
997 2228 1076 2269 Patrem

119 2299 278 2350 cognoscerent.
307 2292 375 2340 Quare
391 2303 436 2331 cum
451 2292 515 2344 palam
530 2294 579 2347 ipsis
596 2295 676 2350 revelo,
692 2300 712 2336 tu
727 2307 764 2347 per
778 2294 875 2336 invidiam
890 2296 938 2336 mihi
952 2297 997 2339 iilos
1008 2297 1075 2339 berre-

119 2367 166 2409 ficio
182 2364 265 2407 afficere
281 2363 370 2417 cupienti
384 2374 501 2406 succenses.

94 2453 115 2489 30
178 2436 202 2479 X.
233 2436 287 2476 Dixit
301 2434 382 2477 Petrus:
398 2436 500 2491 quoniam,
514 2442 536 2478 ut
551 2437 655 2491 praesenti
670 2435 790 2478 multitudini
807 2441 886 2491 gratum
902 2436 989 2493 iaceres,
1004 2438 1030 2480 ita
1041 2439 1075 2480 io-

120 2514 180 2551 cutus
197 2518 272 2563 es,ego
289 2506 353 2547 dicam
368 2519 409 2549 non
426 2513 493 2563 grate,
516 2509 553 2550 sed
568 2522 624 2551 vere.
655 2508 692 2549 Dic
715 2508 772 2563 mihi,
792 2520 833 2561 quo
854 2507 915 2550 modo
936 2508 1010 2563 dignos
1030 2523 1076 2552 esse

120 2579 231 2635 cognoscis
252 2576 355 2620 adstantes
377 2580 497 2635 universos,
520 2579 686 2634 quandoquidem
706 2580 742 2621 tibi
759 2578 855 2629 indicanti
875 2591 902 2620 ne
921 2592 974 2621 unus
996 2580 1077 2635 quidem

119 2651 213 2707 praebuit
228 2648 350 2691 assensum?
380 2648 430 2690 Nam
446 2650 501 2703 quod
517 2663 550 2691 me
565 2654 636 2691 contra
650 2654 671 2691 te
685 2648 821 2704 laudaverint,
837 2661 879 2691 non
897 2654 929 2691 est
943 2652 1076 2692 consentien-

120 2724 169 2765 tium
184 2720 232 2776 tibi,
249 2718 285 2762 set
303 2718 360 2773 mihi,
381 2720 413 2760 oui
429 2725 449 2762 et
463 2720 545 2761 laudem
561 2725 662 2774 tamqnam
685 2721 738 2761 hene
759 2719 828 2762 locuto
850 2721 971 2762 tribuerunt.
1001 2721 1076 2762 Verum

121 2794 167 2849 qnia
183 2792 251 2846 Deus,
268 2792 339 2842 utpote
353 2790 427 2845 justus,
449 2790 577 2845 singulorum
594 2796 682 2833 mentem
696 2789 800 2845 dijudicat,
822 2791 876 2846 quod
892 2796 914 2833 tu
924 2791 990 2834 dixisti
1005 2803 1076 2833 verum

152 2985 170 3021 1.
200 2976 288 3032 εὐλόγοις
304 2978 356 3017 deest
372 2977 390 3015 in
406 2979 426 3016 0.
612 2985 631 3017 ut
647 2980 668 3018 0.
698 2977 768 3016 Deinde
781 2976 908 3031 χαλεπαίνεις
928 2979 976 3017 oet
992 2992 1015 3018 ex
1031 2991 1077 3018 con-

149 3047 169 3081 2.
197 3036 306 3091 νικώμενος
323 3037 345 3075 0.
379 3037 448 3076 Deinde
467 3035 503 3079 οὐκ
524 3033 544 3079 εἴ
556 3052 587 3084 τις
609 3040 654 3087 jen.
671 3039 694 3087 C,
711 3038 745 3085 cuj.
760 3034 967 3093 textuspaitanainen.

122 3102 168 3140 00.
183 3103 208 3149 D,
224 3094 267 3152 οὐχὶ
282 3094 311 3142 τίς
327 3096 348 3136 G.
642 3098 661 3135 5.
690 3091 743 3135 titt
759 3096 780 3137 0.

152 3163 170 3198 3.
199 3160 248 3197 Fort.
263 3153 380 3209 νικηφόρον.
397 3155 415 3194 S.
643 3159 660 3194 θ.
691 3151 744 3195 titt
760 3155 780 3195 θ.

152 3222 170 3256 4.
201 3213 261 3263 αὐτὸς
278 3217 326 3264 corrj.
342 3216 366 3266 C,
381 3210 449 3258 αὐτοῖς
463 3214 487 3254 id.
503 3215 521 3253 in
530 3219 587 3264 textu,
