2276 3612
95 245 123 295 111,
140 214 218 286 θέτο.
562 243 591 289 82

95 374 135 408 νος
158 369 247 419 σπεῖραι
267 359 308 416 τήν
330 353 492 440 ὑπόληψιν,
485 364 524 404 ι’να
550 358 703 446 συλλαβόντες
725 357 762 404 ναί
789 355 1006 416 ονμπεισθὲντες“
991 377 1004 403 α
1025 351 1059 414 μή

95 430 177 487 θὲμις,
201 425 362 478 ῦποθανόντες
381 445 410 478 ας
433 430 468 475 ἐπὶ
489 432 595 492 μοιχείας
616 428 751 490 ἐγκλήματι,
781 432 820 488 τής
846 427 922 475 αῦτοῦ
941 426 1059 487 βασιλείας

96 494 271 559 ῦποβλήθῦοιν.

154 571 187 615 ΙΧ.
213 568 292 622 ’Λξισς
307 565 350 614 οῦν
365 570 406 627 τής
420 566 551 632 οίποβολής
550 574 603 623 πῦς
618 568 676 617 αατοί
687 572 727 630 τής
741 587 782 615 τοῦ
775 570 855 616 Θεοῦ
866 569 992 628 μοναρχίας
1001 550 1058 613 αῦτό
1072 575 1073 578 ’

72 652 81 684 t
98 639 172 697 μόνον
193 635 236 684 νῦν
255 634 350 685 ανοῦοαί
370 657 392 691 τι
410 642 519 688 τοιοῦτον
538 639 647 701 θελήσας,
667 644 687 686 εἰ
707 641 730 686 ιλὲ
720 636 780 690 doio
797 647 897 698 γραφαῖς
915 633 1059 696 τεθαρρηκώς

96 708 152 755 acad
168 727 210 755 τοα
202 707 289 754 Θεοῦ
305 711 380 771 τολμῦ
394 728 429 761 τις
443 708 487 757 νῦν
503 711 607 765 ανοῦειν,
623 712 715 770 πρῶτον
728 706 799 758 ενεῖνό
815 727 856 768 μοι
864 705 1058 765 οανενθαμειτοι1

96 777 148 833 ότι,
164 769 194 824 όιν
212 797 246 829 τις
262 778 383 838 εόλογον
372 783 446 842 canapi
462 778 569 840 ddypo‘
552 800 581 833 ας
595 778 706 851 βοῦλεται
723 778 858 839 ῦναπλσίοχ,
879 782 959 823 ἔπειτα
979 772 1059 826 αῦτιιῖς

94 846 205 908 tyaopffl,
227 847 353 900 δυνατός
345 868 409 898 εσται
431 829 518 903 πολλας
537 852 598 909 ὑπὲρ
613 852 641 898 οῦ
662 848 777 897 επλῦοατο
798 847 913 908 δόγματος
928 840 967 894 σίνε
984 842 1058 892 adoaia
1135 912 1137 915 ἱ

94 919 220 976 μαρτυρίας
236 920 321 978 φερειν·
339 922 386 972 πώς
402 916 444 968 οῦν
459 922 497 967 ἐπί
511 920 608 970 τούτοις
623 915 681 966 acad
696 922 738 967 τοῦ
754 920 817 967 Θεοῦ
834 925 928 979 θαρρεῖν
943 921 1005 963 εστιν
1010 950 1018 971 ,
1033 919 1058 962 εν

73 986 131 1037 trodo
147 985 270 1045 ήποίνταν
285 988 358 1049 βουλή
374 991 547 1049 εἰσενρίσνεταις
1076 996 1078 999 ’

153 1058 176 1102 X.
206 1057 297 1106 Adaiou
312 1064 371 1119 γοῦν
388 1062 466 1118 Σίμων
481 1060 560 1118 αῦριον
574 1061 629 1120 ήμῖν
645 1062 765 1120 ονζήτεῖνό
780 1063 868 1119 με’λλαν
883 1060 981 1119 τλήμοσίρι
999 1051 1057 1104 nord

95 1130 135 1187 τής
150 1130 192 1176 τοῦ
208 1128 270 1175 Θεοῦ
289 1133 417 1192 μοναρχίας
438 1131 537 1189 τολμήλ,
558 1133 633 1177 θέλων
655 1127 741 1182 πολλοίς
759 1128 878 1187 ἐξαύτῶν
899 1129 951 1176 νῦν
963 1131 1057 1189 γραφῶν

96 1196 173 1257 φανός
189 1203 293 1257 ἐνεγκεῖν,
309 1199 362 1246 taff
377 1202 459 1247 πολλοί
474 1204 517 1247 sico
533 1203 594 1256 θεοί,
609 1201 640 1253 εἷς
655 1203 679 1247 dd
689 1220 724 1253 τις
738 1198 780 1264 σῦχ
795 1198 807 1264 ό
822 1198 863 1248 τόν
876 1198 963 1258 νόομον
971 1201 1058 1256 κτίσας,

95 1266 171 1316 σίλλοί6
186 1269 269 1317 τοῦτον
283 1268 403 1330 σίνοίτερος·
418 1271 455 1317 καί
470 1269 531 1328 όμιῦς
546 1269 587 1323 odo
601 1269 725 1325 οἶποελείξεις
740 1269 866 1332 ε’γγρῦφονς
875 1275 919 1332 ε”χει
928 1281 1057 1333 παρασχεῖν.

71 1343 132 1404 tonat
146 1338 212 1400 ήμεῖς
227 1340 250 1386 dd
261 1345 282 1394 ἐξ
298 1337 374 1388 αῦτών
389 1338 476 1392 πολλαὶς
491 1338 617 1399 περινοπσίς
632 1342 701 1398 λεῖξαι
716 1345 791 1402 σοφοῖς
800 1347 891 1404 ἔχομεν,
905 1342 939 1388 ότι
951 1340 986 1393 εἷς
996 1347 1058 1388 ἐστιν

96 1409 126 1457 67
142 1407 201 1461 Θεὸς
216 1404 284 1461 οὗτος
300 1408 313 1456 o‘
328 1407 368 1458 τόν
383 1411 470 1468 adopto
486 1412 577 1465 κτίσας,
598 1413 635 1459 ναί
656 1410 740 1464 όίλλος3
761 1411 802 1460 οῦν
824 1417 871 1458 doct
892 1407 953 1469 πλήν
977 1413 1057 1459 αῦτοῦ.

96 1479 154 1530 ολλλοί
169 1482 207 1528 ναί
219 1483 240 1528 εἴ
253 1498 287 1533 τις
301 1479 373 1534 ἄλλως
388 1500 436 1534 ποις
450 1486 521 1531 εἰπεῖν
536 1481 641 1540 θελήσει,
656 1488 697 1537 ε”ξει
712 1485 750 1531 καί
766 1480 835 1534 odada
847 1487 869 1536 ἐξ
878 1479 951 1529 αῦτιῦν
961 1478 990 1532 τίς
1001 1478 1058 1540 dod·

98 1629 194 1682 armatus,
209 1622 280 1667 nititur
287 1624 398 1667 multorum
406 1622 498 1666 Deorum
513 1623 557 1666 sive
572 1623 633 1668 unius
647 1630 751 1681 tamquam
766 1623 924 1681 praestantioris
940 1623 1057 1679 opinionem

96 1698 200 1741 inserere:
215 1708 257 1752 quo
272 1694 376 1752 homines,
392 1694 483 1738 tenendo
498 1707 523 1736 ac
538 1694 643 1738 credendo
658 1708 712 1751 quae
727 1695 843 1752 nonlicet,
864 1695 978 1739 moriantur
999 1695 1057 1750 quasi

73 1769 118 1814 acin
133 1767 226 1811 adulterii
242 1766 337 1822 crImine,
356 1772 377 1809 et
391 1779 403 1809 a
418 1778 485 1822 regno
500 1766 540 1807 Dei
555 1766 668 1821 ejiciantur.

153 1838 185 1881 IX.
214 1837 286 1893 Itaque
301 1837 375 1892 dignus
391 1842 423 1881 est
438 1837 473 1892 qui
488 1837 605 1893 abjiciatur,
629 1838 754 1892 quicumque
774 1841 848 1879 contra
863 1837 902 1880 Dei
917 1838 1056 1881 monarchiam

95 1910 128 1953 uel
142 1915 219 1953 tantum
237 1909 285 1964 quid
300 1908 364 1953 simile
380 1907 452 1951 audire
466 1907 562 1951 voluerit.
591 1908 612 1952 Si
628 1921 686 1964 vero,
702 1907 761 1964 quasi
769 1906 878 1962 Scripturis
890 1909 985 1965 confidat,
1002 1922 1056 1952 con-

94 1987 127 2024 tra
140 1982 206 2024 Deum
220 1982 254 2023 uel
269 1980 341 2023 audire
356 1980 428 2035 aliquis
445 1979 513 2035 audet,
528 1980 593 2033 primo
609 1981 658 2022 illud
670 1992 750 2023 mecum
766 1979 895 2022 consideret:
911 1981 928 2023 si
938 1981 972 2035 qui
982 1981 1056 2036 dogma

95 2052 179 2108 aliquod
194 2051 232 2095 sibi
246 2051 354 2106 probabile
369 2063 408 2106 pro
423 2050 531 2092 voluntate
546 2051 669 2094 confinxerit
688 2056 709 2093 et
723 2055 796 2104 postea
811 2049 926 2105 Scripturas
945 2052 1007 2095 fuerit
1021 2054 1056 2096 in-

71 2125 170 2179 25tuitus,
187 2135 214 2164 ex
227 2121 252 2165 iis
266 2123 344 2175 poterit
335 2121 443 2164 timulta
435 2120 551 2163 testimonia
566 2132 604 2174 pro
619 2120 689 2163 fictitio
706 2131 745 2162 suo
761 2119 858 2174 dogmate
847 2121 974 2175 eiuproerrc
1010 2123 1055 2172 Ouo

95 2194 178 2236 modo
173 2193 210 2248 igit
211 2205 235 2235 ur
250 2193 271 2234 in
286 2193 311 2236 iis
326 2192 426 2237 aduersus
441 2193 507 2235 Deum
523 2192 628 2235 confidere
643 2192 715 2236 fast
690 2192 724 2247 sit,
743 2191 767 2233 in
784 2191 858 2245 quibus
873 2198 995 2236 cunctorum
1009 2194 1056 2248 pla-

96 2267 159 2308 citum
172 2263 292 2306 invenitur?

154 2333 178 2377 X
206 2334 265 2376 Nunc
283 2346 334 2389 ergo
351 2333 431 2389 Simon,
452 2346 498 2377 cras
521 2334 628 2377 nobiscum
650 2332 731 2387 publice
747 2331 906 2390 disceptaturus,
927 2340 999 2378 contra
1018 2337 1056 2380 Dei

96 2404 235 2449 monarchiam
250 2405 381 2460 aggreditur,
397 2405 512 2460 multasque
525 2417 552 2446 ex
566 2403 615 2457 ipsis
631 2403 741 2456 Scripturis
754 2415 819 2445 voces
834 2403 909 2447 afferre
924 2407 972 2463 vuit,
988 2407 1014 2449 de
1029 2420 1055 2450 eo

72 2478 153 2534 soquod
169 2475 224 2518 multi
238 2475 270 2516 Dii
284 2475 324 2518 sint
339 2480 360 2517 et
375 2486 428 2518 unus
442 2473 535 2530 quidam,
558 2485 600 2515 non
616 2473 698 2527 quidem
714 2478 797 2516 creator
812 2475 892 2532 mundi,
914 2476 950 2519 scd
965 2477 1000 2520 illo
1016 2491 1055 2521 su-

95 2550 172 2607 perior.
203 2546 306 2609 Simulque
322 2553 442 2602 argumenta
458 2559 485 2588 ex
500 2545 609 2599 Scripturis
626 2544 736 2588 exhibebit.
776 2545 801 2587 Et
823 2558 862 2589 nos
882 2560 964 2603 quoque
984 2550 1055 2592 exiis

94 2621 143 2676 ipsis
159 2618 221 2661 multa
238 2617 338 2660 evidentia
353 2618 440 2672 capitula
456 2615 568 2660 ostendere
583 2627 704 2672 possumus,
721 2616 777 2671 quod
792 2629 844 2660 unus
859 2618 886 2660 sit
900 2618 956 2662 Deus
971 2619 1004 2662 hic
1021 2621 1055 2675 qui

96 2692 167 2734 orbern
176 2688 273 2743 condidit,
291 2702 329 2732 nec
338 2690 388 2733 alius
398 2691 423 2733 sit
432 2693 516 2745 praeter
532 2700 585 2731 eum.
616 2688 657 2731 Sed
672 2694 693 2730 et
707 2689 725 2731 si
741 2689 786 2743 quis
797 2688 836 2730 alio
849 2701 982 2745 quocumque
991 2692 1054 2733 modo

95 2763 165 2807 dicere
180 2760 279 2814 voluerit,
294 2760 376 2804 habehit
392 2762 452 2804 etiarn
466 2761 484 2804 is
500 2770 527 2802 ex
541 2758 595 2814 ipsis¹
611 2764 672 2812 prout
687 2758 742 2801 volet
757 2765 777 2801 et
793 2759 818 2802 de
834 2760 907 2814 quibus
924 2761 986 2816 volet,
1001 2771 1053 2815 pro-

128 2959 145 2996 i.
173 2952 443 3007 1οε8,σονενοομῖμσῡ,
470 2955 563 2995 cerardo
618 2956 636 2991 5.
667 2966 688 3004 εχ
702 2950 778 3002 (sic)
767 2968 831 3005 οτιρ.
849 2950 915 2994 ότιΟ.

99 3011 218 3065 μήθχτωθ.
619 3017 637 3053 6
667 3007 722 3051 tritt
752 3024 787 3054 om.
812 3015 833 3053 Ο.
883 3016 925 3051 Turn
954 3010 1054 3067 opimos,

128 3076 145 3110 2.
175 3071 251 3125 ε’χαόψρ
268 3072 316 3110 Oc.
332 3072 345 3110 S
351 3067 487 3124 ,ε’χκῦψειῦ.
515 3072 564 3110 Sub-
588 3064 642 3121 όμως
658 3070 710 3109 66.

98 3130 141 3169 inde
156 3128 277 3171 δονατόνθ.
618 3132 636 3169 7
667 3124 794 3170 dinseruio
811 3132 832 3169 O

129 3191 147 3229 3.
177 3188 273 3240 συνζητεῖν
288 3191 308 3228 (λ
618 3182 755 3228 odrico,

127 3250 147 3287 4.
177 3247 252 3300 τολμᾷν
268 3248 289 3286 0.
