2276 3612
529 240 572 290 rao
903 241 933 298 m,
950 243 1040 288 tero.

74 355 118 405 eda
133 349 219 415 μιίθων
234 361 330 419 γίνεται.
368 359 426 406 data
440 359 478 404 τε1
496 362 569 418 μυρία
585 357 707 419 η’σὲβηκεν,
727 370 766 411 ἵνα
785 357 833 408 diod
855 360 901 406 τῶν
924 360 1037 418 δυσσεβῶν

73 424 108 474 διοί
124 426 168 485 την
184 430 376 491 ιίιιιρβοίλλουσαν
390 427 501 486 οἷκρασίαν
517 427 590 481 θεδςῖ
606 432 664 477 εἶναι
679 430 691 478 ὁ
707 436 786 493 μυθος
803 432 959 491 δογματιοθῄ.

130 499 189 544 XVII.
217 498 328 550 Ἰδιαίταις
343 503 404 560 ἔχοις
420 499 471 558 περὶ
487 500 531 546 των
546 495 658 546 τοιούτων
679 500 814 561 δποληψεων
835 497 974 561 ἀγανακτεῖν
993 521 1036 560 με·

72 569 136 628 τρίως
151 568 251 630 είλογον.
285 580 332 619 τοῖς
349 571 373 615 δὲ
388 574 410 614 ἐκ
427 569 532 620 παιδείας
547 566 687 628 ὁρμωμένοις
707 573 729 617 τί
745 573 827 619 δεῖκαὶ
842 576 931 633 dipem
955 566 986 619 ὧν
1000 593 1035 620 τι·

70 641 126 690 νες5
140 643 295 699 γραμματικοί
309 640 345 685 καί
359 641 463 698 σοφισταί
478 635 594 692 οίξιουντες
611 640 670 686 εἶναι
685 638 725 692 τιίς
740 642 846 696 τοιαύτας
863 642 956 703 προίξεις
971 648 1050 692 aedon

69 709 133 764 α’ξίας
149 713 207 758 εἶναι
221 712 367 771 βεβαιοῦσαν.
402 706 467 756 adnot
483 707 529 769 νοίρ
550 708 652 770 οἷκρατεῖς
667 708 742 766 ὄντες,
763 712 849 773 ταύτης
869 717 910 774 τῆς
930 717 1034 774 μυθικης

70 780 200 840 προφάσεως
215 780 354 840 λαβόμενοι,
372 777 401 831 ως
415 777 442 838 δη
458 782 559 838 μιμηταί
575 783 620 826 τῶν
635 779 769 840 κρειττόνων
784 781 871 842 ἄσεμνα
891 785 1033 844 διαπραττό-

68 869 135 907 μενοι
151 848 349 911 παρρησιαζονται.

125 923 193 968 XVIII.
224 917 266 967 Διοί
282 921 351 967 τουτο
368 918 443 967 αὐτῶν
458 921 535 982 πολλῷ
552 923 649 968 ἔλαττον
664 927 686 969 οἱ
709 919 757 969 κατ’
772 921 841 982 σίνρδν
856 926 960 983 βιοῦντες
981 932 1030 982 ἐξα-

67 991 238 1050 μαρτάνουσιν,
261 987 301 1037 edu
316 993 464 1050 εἰσηγμένοι4
483 995 586 1051 πονηρῶς
610 987 638 1038 δι’
652 987 684 1039 ὧν
699 991 839 1052 εἰσήχθησαν
854 1000 876 1041 οἱ
891 999 963 1043 ταῦτα
978 1003 1056 1046 coi-10

67 1064 169 1119 μώντες,
184 1067 207 1107 ἐκ
223 1062 327 1111 παιδείας
346 1064 415 1120 κακῆς
431 1061 520 1121 despero
535 1060 706 1123 μεμαθηκότες.
743 1067 765 1108 οἱ
787 1060 831 1123 peip
853 1069 876 1111 ἐκ
895 1064 977 1119 παιδὸς
994 1065 1030 1114 md

67 1135 112 1179 των
127 1128 237 1178 τοιούτων
251 1130 336 1188 μδθων
351 1132 518 1192 μανθάνοντες
532 1135 674 1195 νροίμματα,
695 1139 728 1181 ε”τι
749 1130 828 1195 ἁπαλῇ
848 1132 904 1194 οίίση
927 1137 955 1195 κη’
970 1141 1031 1199 ψυχῇ

67 1199 108 1253 τοὶς
122 1204 166 1250 τών
182 1203 310 1263 λεγομὲνων
326 1204 387 1249 θεῶν
403 1199 492 1266 οἲσεβεῑς
507 1204 599 1262 πράξεις
619 1209 651 1255 εἰς
666 1202 707 1252 τὸν
722 1201 799 1252 odada
819 1204 950 1263 συμφύουσι
964 1210 1030 1253 κου’ν.

66 1268 121 1318 ὅθεν
137 1271 304 1330 ἐπουξηθείσης
319 1273 359 1330 τῆς
374 1269 463 1330 η’λικίας
478 1270 506 1323 τίς
521 1270 578 1320 κακοί
595 1275 715 1332 σπέρματα
728 1275 907 1332 καταβληθέντα
923 1276 952 1335 τῇ
967 1278 1029 1337 pepp]

65 1344 249 1401 τελεσφοροῦσιν·
270 1344 308 1389 καὶ
323 1340 349 1388 cd
361 1339 460 1391 πάντων
476 1341 651 1404 χαλεπώτατον,
672 1342 707 1390 ’ότι
723 1342 790 1390 ου’δε5
806 1345 930 1403 ἐκκοπῆναι
949 1346 1054 1404 (iudicata

65 1415 112 1457 ε”στι
126 1409 154 1458 τοί
168 1414 328 1471 ἐνερριζωμὲνα
346 1408 495 1471 despicientem,
510 1410 618 1459 o‘atdcuo6
635 1411 783 1471 σίνδρωθεῑσιν
797 1411 874 1464 αὐτοῖς
893 1410 980 1474 χαλεποί
996 1417 1029 1461 εἶ-

65 1500 104 1528 ναι
118 1485 208 1542 νοῆται.
241 1487 266 1527 ἐν
289 1481 323 1533 οἷς
343 1481 386 1540 νοὶρ
408 1489 501 1533 ἕκαστος
521 1483 648 1529 ἐκπαίδων
671 1485 782 1540 ἐθίζεται,
806 1481 899 1535 τούτοις
919 1484 1029 1543 ἐμμένειν

64 1551 155 1611 ἣδεται,
172 1555 207 1599 καί
223 1551 306 1607 οὕτως,
322 1555 362 1609 της
377 1554 504 1617 συνηθείας
521 1549 547 1600 σι’
564 1551 625 1599 πολι)
639 1555 736 1600 ἔλαττον
750 1551 808 1610 πρὸς
831 1551 874 1611 τήν
897 1552 968 1612 φύσιν
988 1556 1028 1600 δυ-

64 1625 177 1682 ναμένης,
196 1623 377 1682 δυσμετάβλητοι
393 1626 499 1683 γίνονται
514 1620 571 1683 πρὸς
586 1622 614 1670 τοί
628 1621 662 1682 μοί
679 1622 719 1670 εἶπ’
734 1623 802 1685 ἀρχῆς
816 1620 890 1676 αὐτοῖς
910 1629 1028 1686 καταβλη-

65 1697 137 1741 θὲντα
153 1695 181 1754 κη’
197 1695 259 1754 ψυχῇ
275 1690 340 1740 καλοί.
1032 1713 1052 1747 2⁰

62 1836 169 1879 innumera
183 1835 244 1889 impie
260 1837 333 1891 gessit,
349 1841 371 1878 ut
386 1836 411 1879 ab
427 1836 492 1891 impiis
507 1835 625 1878 hominihus
640 1840 726 1890 propter
742 1842 900 1890 exsuperantem
919 1837 1024 1894 intempe*

61 1909 148 1950 rantiam
163 1906 280 1949 fabulosum
296 1907 371 1961 dogma
387 1906 413 1949 de
427 1907 480 1950 illius
495 1907 600 1949 divinitate
617 1918 740 1960 persuasum
755 1905 823 1951 fuerit.

118 1978 177 2020 XVII.
205 1977 301 2020 Homines
326 1977 408 2032 quidem
432 1977 529 2019 indoctos
553 1988 642 2031 aequum
667 1976 761 2019 videatur
783 1977 838 2018 circa
859 1975 897 2019 has
915 1977 1022 2031 opiniones

60 2047 114 2090 haud
130 2048 214 2090 muitum
227 2048 335 2103 indignari.
365 2047 391 2091 Iis
408 2053 481 2102 autem,
498 2047 568 2102 quiin
584 2046 656 2089 litteris
671 2047 757 2090 instituti
772 2046 861 2103 fuerunt,
878 2047 973 2102 quidnam
989 2050 1021 2091 di—

60 2133 109 2164 cere
125 2118 223 2173 oportet?
246 2119 280 2173 qui
300 2117 429 2161 Grammatiei
444 2123 464 2160 et
479 2117 587 2171 Sophistae
611 2129 658 2160 esse
678 2118 790 2172 gestientes
811 2117 849 2160 has
870 2118 962 2162 actiones
985 2120 1047 2164 diicat

61 2192 133 2247 dignas
150 2203 196 2234 esse
212 2189 318 2232 affirmant.
355 2187 405 2230 Cum
426 2190 479 2231 enim
500 2189 539 2243 ipsi
557 2188 710 2231 incontinentes
729 2190 780 2245 sint,
800 2189 916 2232 fabularum
935 2195 1021 2246 accepto

59 2268 178 2319 praetextu7
194 2262 253 2317 quasi
267 2260 372 2303 numinum
387 2260 510 2314 imitatores,
527 2259 592 2301 iibere
606 2263 726 2312 perpetrant
740 2259 813 2313 turpia.

117 2330 184 2374 XVIII.
213 2331 315 2381 Quocirca
330 2329 394 2372 multo
410 2330 477 2371 minus
492 2329 516 2371 iis
532 2329 629 2370 aberrant
644 2328 672 2370 iiii
687 2330 722 2385 qui
736 2331 780 2372 ruri
796 2330 884 2387 degunt,
899 2343 941 2373 non
957 2342 1021 2385 praue

59 2402 144 2445 instituti
158 2404 179 2445 in
194 2403 228 2457 iis,
245 2402 319 2456 quibus
333 2400 405 2443 imbuti
420 2405 468 2443 sunt
484 2400 518 2454 qui
533 2400 571 2443 ista
590 2399 677 2456 audent,
703 2401 780 2456 quique
799 2414 811 2443 a
831 2402 883 2444 mala
905 2402 1020 2445 eruditione

59 2473 183 2527 impietatem
199 2473 320 2515 didicerunt.
356 2470 407 2512 Nam
423 2471 483 2525 quia
503 2482 569 2524 puero
585 2482 623 2524 per
638 2469 675 2514 has
690 2470 770 2513 fabulas
786 2471 854 2515 edocti
869 2478 916 2516 sunt
935 2473 1044 2529 internato

59 2556 105 2586 cum
121 2544 187 2587 adhuc
202 2548 262 2585 tener
277 2548 308 2585 est
324 2544 413 2599 animus,
434 2543 505 2596 impias
526 2548 644 2597 putatorum
666 2542 752 2585 deorum
773 2545 866 2587 actiones
885 2547 949 2587 menti
968 2558 1019 2589 suae

57 2616 160 2658 inserunt:
176 2626 240 2669 quare
256 2614 324 2656 adulta
339 2620 417 2671 aetate,
432 2615 497 2657 instar
512 2614 612 2657 malorum
627 2615 728 2656 seminum
743 2615 763 2657 in
780 2616 867 2658 animam
883 2615 1017 2673 dejectorum,

55 2686 144 2729 fructum
159 2686 237 2728 ferunt:
253 2690 273 2727 et
288 2685 345 2740 quod
360 2691 392 2729 est
408 2686 497 2728 omnium
512 2685 664 2741 gravissimum,
680 2685 740 2728 facile
756 2698 799 2728 non
815 2687 965 2730 exscindantur
979 2701 1016 2729 ra-

55 2758 134 2801 dicatae
149 2756 272 2812 impietates,
289 2756 372 2811 quando
387 2757 414 2799 illi
429 2757 468 2799 viri
483 2756 531 2798 iacti
546 2769 582 2799 eas
597 2768 672 2812 graves
688 2758 804 2812 noxiasque
829 2772 876 2802 esse
894 2759 1014 2813 intelligunt.

54 2827 77 2870 In
94 2830 168 2884 quihus
184 2828 237 2870 enim
253 2827 396 2883 unusquisqne
419 2842 430 2870 a
451 2827 528 2870 teneris
544 2826 655 2881 assuescit,
675 2826 699 2868 iis
720 2828 782 2883 gestit
800 2829 913 2872 immorari:
937 2829 1040 2883 nequeat

53 2900 101 2953 quia
116 2898 245 2943 consuetudo
261 2911 303 2941 non
319 2899 381 2941 multo
397 2899 463 2942 minus
480 2898 535 2941 valet
550 2907 610 2953 quam
628 2901 710 2954 natura,
733 2908 797 2954 aegre
820 2903 967 2942 convertuntur
988 2896 1014 2939 ad

53 2982 78 3012 ea
93 2971 159 3027 bona,
176 2983 229 3025 quae
244 2969 342 3025 principio
358 2971 378 3012 in
393 2971 485 3026 ipsorum
500 2970 578 3013 animos
594 2979 635 3009 non
651 2967 736 3012 fuerunt
751 2970 833 3025 injecta.

84 3063 103 3101 1.
131 3075 153 3112 γε
168 3060 188 3098 C.
574 3062 594 3098 4.
624 3054 758 3113 εἰσηγούμενοι
773 3061 794 3100 Ο,

83 3124 103 3158 2.
132 3119 218 3158 Fortasse
234 3122 296 3166 θεῖος.
308 3119 327 3158 S.
576 3121 593 3156 5.
623 3118 649 3155 Ita
665 3121 686 3170 S,
703 3116 749 3160 οὔτε
765 3116 778 3157 0
795 3119 815 3157 0·

82 3181 101 3216 3,
131 3178 439 3229 Ιῐαὸθο.οοδ.1ἷορ,804,
462 3170 519 3217 ὦσι·
575 3182 593 3215 d.
623 3173 680 3218 ὁπότ’
698 3169 756 3219 dvc.
787 3173 1012 3231 Τσιανοῇιαιθωδ,

53 3250 84 3282 υες
100 3238 125 3288 C,
142 3238 172 3288 qni
187 3239 235 3286 conj.
254 3233 275 3277 οἷ’
287 3250 345 3281 τινες.
544 3238 618 3276 νοεῖται
635 3235 655 3276 G.

773 3310 787 3353 9
