<?xml version="1.0" encoding="UTF-8"?>
<!DOCTYPE html PUBLIC "-//W3C//DTD XHTML 1.0 Transitional//EN"
    "http://www.w3.org/TR/xhtml1/DTD/xhtml1-transitional.dtd">
<html xmlns="http://www.w3.org/1999/xhtml" xml:lang="en" lang="en">
 <head>
  <title>
</title>
<meta http-equiv="Content-Type" content="text/html;charset=utf-8" />
  <meta name='ocr-system' content='tesseract 3.04.00' />
  <meta name='ocr-capabilities' content='ocr_page ocr_carea ocr_par ocr_line ocrx_word'/>
</head>
<body>
  <div class='ocr_page' id='page_1' title='image "MN41653ucmf_3_0425.png"; bbox 0 0 2276 3612; ppageno 0'>
   <div class='ocr_carea' id='block_1_1' title="bbox 549 206 1055 302">
    <p class='ocr_par' dir='ltr' id='par_1_1' title="bbox 549 206 1055 302">
     <span class='ocr_line' id='line_1_1' title="bbox 549 206 1055 302; baseline -0.004 -15"><span class='ocrx_word' id='word_1_1' title='bbox 549 240 590 287; x_wconf 77' lang='lat' dir='ltr'>rot</span> <span class='ocrx_word' id='word_1_2' title='bbox 756 297 759 302; x_wconf 22' lang='grc' dir='ltr'>ι</span> <span class='ocrx_word' id='word_1_3' title='bbox 942 206 1055 295; x_wconf 56' lang='lat' dir='ltr'>xmae.</span> 
     </span>
    </p>
   </div>
   <div class='ocr_carea' id='block_1_2' title="bbox 76 351 1075 1752">
    <p class='ocr_par' dir='ltr' id='par_1_2' title="bbox 81 351 1056 486">
     <span class='ocr_line' id='line_1_2' title="bbox 83 351 1056 416; baseline -0.001 -13"><span class='ocrx_word' id='word_1_4' title='bbox 83 355 166 404; x_wconf 73' lang='lat' dir='ltr'>odolen</span> <span class='ocrx_word' id='word_1_5' title='bbox 184 359 238 416; x_wconf 75' lang='grc' dir='ltr'>λέγω</span> <span class='ocrx_word' id='word_1_6' title='bbox 256 360 291 404; x_wconf 81' lang='grc' dir='ltr'>καὶ</span> <span class='ocrx_word' id='word_1_7' title='bbox 307 354 348 416; x_wconf 74' lang='grc' dir='ltr'>τηίι</span> <span class='ocrx_word' id='word_1_8' title='bbox 365 356 467 416; x_wconf 76' lang='grc' dir='ltr'><strong><em>γνώμην.</em></strong></span> <span class='ocrx_word' id='word_1_9' title='bbox 505 358 560 416; x_wconf 64' lang='lat' dir='ltr'>oaldi</span> <span class='ocrx_word' id='word_1_10' title='bbox 576 353 692 416; x_wconf 60' lang='lat' dir='ltr'>abolniobtes</span> <span class='ocrx_word' id='word_1_11' title='bbox 704 375 738 407; x_wconf 87' lang='grc' dir='ltr'>τις</span> <span class='ocrx_word' id='word_1_12' title='bbox 757 359 793 403; x_wconf 86' lang='grc' dir='ltr'>καὶ</span> <span class='ocrx_word' id='word_1_13' title='bbox 809 351 885 403; x_wconf 57' lang='lat' dir='ltr'>odedu*</span> <span class='ocrx_word' id='word_1_14' title='bbox 905 355 1004 414; x_wconf 75' lang='lat' dir='ltr'>operando</span> <span class='ocrx_word' id='word_1_15' title='bbox 1019 358 1056 402; x_wconf 77' lang='grc' dir='ltr'>λέ-</span> 
     </span>
     <span class='ocr_line' id='line_1_3' title="bbox 81 424 829 486; baseline -0.004 -13"><span class='ocrx_word' id='word_1_16' title='bbox 81 446 141 486; x_wconf 73' lang='lat' dir='ltr'>pern,</span> <span class='ocrx_word' id='word_1_17' title='bbox 158 425 200 473; x_wconf 76' lang='grc' dir='ltr'><strong><em>οὐκ</em></strong></span> <span class='ocrx_word' id='word_1_18' title='bbox 217 430 280 481; x_wconf 76' lang='lat' dir='ltr'>olda,</span> <span class='ocrx_word' id='word_1_19' title='bbox 292 430 342 478; x_wconf 66' lang='grc' dir='ltr'><strong><em>,κτοις</em></strong></span> <span class='ocrx_word' id='word_1_20' title='bbox 358 431 393 474; x_wconf 84' lang='grc' dir='ltr'>καὶ</span> <span class='ocrx_word' id='word_1_21' title='bbox 410 424 533 473; x_wconf 59' lang='lat' dir='ltr'>[ledaeum</span> <span class='ocrx_word' id='word_1_22' title='bbox 548 433 620 475; x_wconf 72' lang='grc' dir='ltr'><strong><em>εἰπεῖν</em></strong></span> <span class='ocrx_word' id='word_1_23' title='bbox 636 428 732 474; x_wconf 69' lang='grc' dir='ltr'><strong><em>δύναται</em></strong></span> <span class='ocrx_word' id='word_1_24' title='bbox 750 425 829 474; x_wconf 71' lang='grc' dir='ltr'><strong><em>αὐτόν.</em></strong></span> 
     </span>
    </p>

    <p class='ocr_par' dir='ltr' id='par_1_3' title="bbox 76 495 1075 1752">
     <span class='ocr_line' id='line_1_4' title="bbox 84 495 1052 559; baseline -0.001 -16"><span class='ocrx_word' id='word_1_25' title='bbox 84 540 85 543; x_wconf 73' lang='grc'>,</span> <span class='ocrx_word' id='word_1_26' title='bbox 140 499 172 542; x_wconf 90' lang='lat' dir='ltr'>VI.</span> <span class='ocrx_word' id='word_1_27' title='bbox 208 500 287 545; x_wconf 79' lang='grc' dir='ltr'>Ταύτα</span> <span class='ocrx_word' id='word_1_28' title='bbox 305 495 317 543; x_wconf 87' lang='lat'>6</span> <span class='ocrx_word' id='word_1_29' title='bbox 336 500 421 557; x_wconf 78' lang='grc' dir='ltr'><strong><em>Πέτρος</em></strong></span> <span class='ocrx_word' id='word_1_30' title='bbox 437 496 536 549; x_wconf 71' lang='grc' dir='ltr'><strong><em>οἰκούσας</em></strong></span> <span class='ocrx_word' id='word_1_31' title='bbox 552 501 588 544; x_wconf 81' lang='grc' dir='ltr'>καὶ</span> <span class='ocrx_word' id='word_1_32' title='bbox 605 495 680 559; x_wconf 75' lang='grc' dir='ltr'><strong><em>βραχιλ</em></strong></span> <span class='ocrx_word' id='word_1_33' title='bbox 696 500 733 544; x_wconf 80' lang='grc' dir='ltr'>ἐπὶ</span> <span class='ocrx_word' id='word_1_34' title='bbox 749 500 853 551; x_wconf 78' lang='grc' dir='ltr'><strong><em>συννοίας</em></strong></span> <span class='ocrx_word' id='word_1_35' title='bbox 863 497 989 556; x_wconf 76' lang='grc' dir='ltr'><strong><em>γενόμενος</em></strong></span> <span class='ocrx_word' id='word_1_36' title='bbox 999 503 1052 556; x_wconf 75' lang='grc' dir='ltr'>ἔφη’</span> 
     </span>
     <span class='ocr_line' id='line_1_5' title="bbox 82 566 1054 628; baseline 0 -15"><span class='ocrx_word' id='word_1_37' title='bbox 82 568 123 615; x_wconf 83' lang='grc' dir='ltr'><strong><em>οὐκ</em></strong></span> <span class='ocrx_word' id='word_1_38' title='bbox 139 571 216 627; x_wconf 84' lang='grc' dir='ltr'><strong><em>οἶμαι,</em></strong></span> <span class='ocrx_word' id='word_1_39' title='bbox 232 568 283 615; x_wconf 81' lang='grc' dir='ltr'><strong><em>τινιλ</em></strong></span> <span class='ocrx_word' id='word_1_40' title='bbox 300 568 416 614; x_wconf 69' lang='grc' dir='ltr'><strong><em>ιλύνοισθαι</em></strong></span> <span class='ocrx_word' id='word_1_41' title='bbox 433 572 483 626; x_wconf 75' lang='lat' dir='ltr'>auspi</span> <span class='ocrx_word' id='word_1_42' title='bbox 499 572 602 628; x_wconf 81' lang='grc' dir='ltr'><strong><em>κιονηρού</em></strong></span> <span class='ocrx_word' id='word_1_43' title='bbox 618 566 781 626; x_wconf 68' lang='grc' dir='ltr'><strong><em>διαλεγόμενον</em></strong></span> <span class='ocrx_word' id='word_1_44' title='bbox 802 566 835 625; x_wconf 79' lang='grc' dir='ltr'>μη</span> <span class='ocrx_word' id='word_1_45' title='bbox 857 566 930 616; x_wconf 71' lang='grc' dir='ltr'><strong><em>αὐτού</em></strong></span> <span class='ocrx_word' id='word_1_46' title='bbox 950 571 994 615; x_wconf 79' lang='grc' dir='ltr'><em>κού</em></span> <span class='ocrx_word' id='word_1_47' title='bbox 1010 588 1054 613; x_wconf 78' lang='grc' dir='ltr'><strong><em>κιο-</em></strong></span> 
     </span>
     <span class='ocr_line' id='line_1_6' title="bbox 82 634 1066 697; baseline 0.001 -13"><span class='ocrx_word' id='word_1_48' title='bbox 82 642 153 697; x_wconf 82' lang='grc' dir='ltr'>νηρού</span> <span class='ocrx_word' id='word_1_49' title='bbox 168 640 193 685; x_wconf 79' lang='lat' dir='ltr'>nd</span> <span class='ocrx_word' id='word_1_50' title='bbox 211 642 303 697; x_wconf 70' lang='grc' dir='ltr'><strong><em>θέλημα</em></strong></span> <span class='ocrx_word' id='word_1_51' title='bbox 320 650 400 684; x_wconf 78' lang='lat' dir='ltr'>marein.</span> <span class='ocrx_word' id='word_1_52' title='bbox 432 637 489 684; x_wconf 79' lang='grc' dir='ltr'><strong><em>ὅθεν</em></strong></span> <span class='ocrx_word' id='word_1_53' title='bbox 506 643 574 686; x_wconf 72' lang='grc' dir='ltr'><strong><em>τούτο</em></strong></span> <span class='ocrx_word' id='word_1_54' title='bbox 592 637 646 685; x_wconf 72' lang='grc' dir='ltr'><strong><em>αὐτὸ</em></strong></span> <span class='ocrx_word' id='word_1_55' title='bbox 663 634 725 688; x_wconf 67' lang='lat' dir='ltr'>aldoin</span> <span class='ocrx_word' id='word_1_56' title='bbox 741 634 781 683; x_wconf 74' lang='lat' dir='ltr'>oda</span> <span class='ocrx_word' id='word_1_57' title='bbox 797 639 858 694; x_wconf 78' lang='lat' dir='ltr'>eido,</span> <span class='ocrx_word' id='word_1_58' title='bbox 873 640 896 685; x_wconf 87' lang='grc' dir='ltr'>τί</span> <span class='ocrx_word' id='word_1_59' title='bbox 912 635 996 697; x_wconf 58' lang='lat' dir='ltr'>apollo,</span> <span class='ocrx_word' id='word_1_60' title='bbox 1012 636 1066 685; x_wconf 78' lang='lat' dir='ltr'>rad-5</span> 
     </span>
     <span class='ocr_line' id='line_1_7' title="bbox 81 705 1053 766; baseline 0.003 -14"><span class='ocrx_word' id='word_1_61' title='bbox 81 726 146 766; x_wconf 80' lang='grc' dir='ltr'><strong><em>τερον</em></strong></span> <span class='ocrx_word' id='word_1_62' title='bbox 162 706 265 766; x_wconf 69' lang='grc' dir='ltr'><strong><em>σιωπήσω</em></strong></span> <span class='ocrx_word' id='word_1_63' title='bbox 280 706 295 764; x_wconf 76' lang='lat'>6</span> <span class='ocrx_word' id='word_1_64' title='bbox 311 706 405 766; x_wconf 72' lang='grc' dir='ltr'><strong><em>λαλησοι.</em></strong></span> <span class='ocrx_word' id='word_1_65' title='bbox 436 712 456 753; x_wconf 81' lang='grc' dir='ltr'>εἰ</span> <span class='ocrx_word' id='word_1_66' title='bbox 471 712 516 766; x_wconf 75' lang='grc' dir='ltr'>μὲν</span> <span class='ocrx_word' id='word_1_67' title='bbox 533 709 684 766; x_wconf 71' lang='grc' dir='ltr'><strong><em>σιωπήσαιμι,</em></strong></span> <span class='ocrx_word' id='word_1_68' title='bbox 701 710 785 766; x_wconf 74' lang='grc' dir='ltr'><strong><em>γέλωτα</em></strong></span> <span class='ocrx_word' id='word_1_69' title='bbox 808 705 865 764; x_wconf 75' lang='grc' dir='ltr'><strong><em>πρὸς</em></strong></span> <span class='ocrx_word' id='word_1_70' title='bbox 880 709 934 760; x_wconf 75' lang='grc' dir='ltr'><strong><em>τούς</em></strong></span> <span class='ocrx_word' id='word_1_71' title='bbox 951 705 1053 760; x_wconf 69' lang='grc' dir='ltr'><strong><em>πολλοὺς</em></strong></span> 
     </span>
     <span class='ocr_line' id='line_1_8' title="bbox 81 774 1051 837; baseline 0.001 -14"><span class='ocrx_word' id='word_1_72' title='bbox 81 777 208 836; x_wconf 69' lang='lat' dir='ltr'>debrientur</span> <span class='ocrx_word' id='word_1_73' title='bbox 224 778 265 832; x_wconf 71' lang='lat' dir='ltr'>du,</span> <span class='ocrx_word' id='word_1_74' title='bbox 288 776 322 822; x_wconf 83' lang='grc' dir='ltr'>ὅτι</span> <span class='ocrx_word' id='word_1_75' title='bbox 344 774 456 835; x_wconf 64' lang='lat' dir='ltr'>diablutes]</span> <span class='ocrx_word' id='word_1_76' title='bbox 478 775 674 837; x_wconf 74' lang='grc' dir='ltr'><strong><em>ἐπαγγελλόμενος</em></strong></span> <span class='ocrx_word' id='word_1_77' title='bbox 695 778 815 834; x_wconf 76' lang='grc' dir='ltr'><strong><em>κηρύσσειν</em></strong></span> <span class='ocrx_word' id='word_1_78' title='bbox 837 774 876 824; x_wconf 77' lang='lat' dir='ltr'>nde</span> <span class='ocrx_word' id='word_1_79' title='bbox 899 780 949 835; x_wconf 73' lang='lat' dir='ltr'>napi</span> <span class='ocrx_word' id='word_1_80' title='bbox 972 782 1051 829; x_wconf 80' lang='grc' dir='ltr'><strong><em>κακίας</em></strong></span> 
     </span>
     <span class='ocr_line' id='line_1_9' title="bbox 81 846 1050 908; baseline -0.003 -12"><span class='ocrx_word' id='word_1_81' title='bbox 81 850 148 908; x_wconf 80' lang='grc' dir='ltr'><strong><em>λόγον</em></strong></span> <span class='ocrx_word' id='word_1_82' title='bbox 163 846 248 907; x_wconf 68' lang='grc' dir='ltr'><strong><em>ολγνοολ·</em></strong></span> <span class='ocrx_word' id='word_1_83' title='bbox 268 853 287 894; x_wconf 77' lang='grc' dir='ltr'>εἰ</span> <span class='ocrx_word' id='word_1_84' title='bbox 303 849 325 894; x_wconf 76' lang='lat' dir='ltr'>db</span> <span class='ocrx_word' id='word_1_85' title='bbox 341 852 442 906; x_wconf 77' lang='grc' dir='ltr'><strong><em>εἴποιμι,</em></strong></span> <span class='ocrx_word' id='word_1_86' title='bbox 458 852 591 907; x_wconf 58' lang='lat' dir='ltr'>eododem,</span> <span class='ocrx_word' id='word_1_87' title='bbox 606 846 640 907; x_wconf 76' lang='grc' dir='ltr'>μη</span> <span class='ocrx_word' id='word_1_88' title='bbox 657 847 700 907; x_wconf 72' lang='grc' dir='ltr'>ἄρα</span> <span class='ocrx_word' id='word_1_89' title='bbox 717 849 759 895; x_wconf 81' lang='grc' dir='ltr'><strong><em>οὐκ</em></strong></span> <span class='ocrx_word' id='word_1_90' title='bbox 775 846 857 908; x_wconf 78' lang='grc' dir='ltr'><strong><em>ιλρέσκη</em></strong></span> <span class='ocrx_word' id='word_1_91' title='bbox 873 852 918 907; x_wconf 74' lang='grc' dir='ltr'>θεῷ</span> <span class='ocrx_word' id='word_1_92' title='bbox 935 853 1050 905; x_wconf 73' lang='grc' dir='ltr'><strong><em>ζητεῖσθαι</em></strong></span> 
     </span>
     <span class='ocr_line' id='line_1_10' title="bbox 81 914 1050 977; baseline -0.001 -13"><span class='ocrx_word' id='word_1_93' title='bbox 81 915 106 965; x_wconf 83' lang='grc' dir='ltr'>τὸ</span> <span class='ocrx_word' id='word_1_94' title='bbox 122 919 201 971; x_wconf 81' lang='grc' dir='ltr'><strong><em>κακόν,</em></strong></span> <span class='ocrx_word' id='word_1_95' title='bbox 219 917 277 965; x_wconf 79' lang='lat' dir='ltr'>oillei</span> <span class='ocrx_word' id='word_1_96' title='bbox 292 921 316 966; x_wconf 86' lang='grc' dir='ltr'>τὸ</span> <span class='ocrx_word' id='word_1_97' title='bbox 334 915 424 977; x_wconf 72' lang='lat' dir='ltr'>dyoato</span> <span class='ocrx_word' id='word_1_98' title='bbox 439 918 521 977; x_wconf 66' lang='lat' dir='ltr'>odron.</span> <span class='ocrx_word' id='word_1_99' title='bbox 556 917 616 974; x_wconf 77' lang='grc' dir='ltr'><strong><em>πλην</em></strong></span> <span class='ocrx_word' id='word_1_100' title='bbox 638 920 674 964; x_wconf 78' lang='grc' dir='ltr'>καὶ</span> <span class='ocrx_word' id='word_1_101' title='bbox 696 915 752 977; x_wconf 66' lang='grc' dir='ltr'><strong><em>ὑμῖν</em></strong></span> <span class='ocrx_word' id='word_1_102' title='bbox 769 922 799 968; x_wconf 78' lang='grc' dir='ltr'>εἰς</span> <span class='ocrx_word' id='word_1_103' title='bbox 819 914 860 964; x_wconf 77' lang='grc' dir='ltr'>τὸν</span> <span class='ocrx_word' id='word_1_104' title='bbox 875 918 996 974; x_wconf 55' lang='lat' dir='ltr'>Bononiae</span> <span class='ocrx_word' id='word_1_105' title='bbox 1013 916 1050 963; x_wconf 86' lang='grc' dir='ltr'>λό-</span> 
     </span>
     <span class='ocr_line' id='line_1_11' title="bbox 79 986 1075 1074; baseline 0 -39"><span class='ocrx_word' id='word_1_106' title='bbox 79 1007 121 1074; x_wconf 74' lang='grc' dir='ltr'><strong><em>νον</em></strong></span> <span class='ocrx_word' id='word_1_107' title='bbox 137 987 177 1040; x_wconf 73' lang='lat' dir='ltr'>adr</span> <span class='ocrx_word' id='word_1_108' title='bbox 193 987 248 1046; x_wconf 79' lang='grc' dir='ltr'><strong><em>ἐμιλς</em></strong></span> <span class='ocrx_word' id='word_1_109' title='bbox 264 988 390 1048; x_wconf 71' lang='grc' dir='ltr'><strong><em>ὑπολήψεις</em></strong></span> <span class='ocrx_word' id='word_1_110' title='bbox 407 986 493 1048; x_wconf 78' lang='grc' dir='ltr'><strong><em>ποιησαι</em></strong></span> <span class='ocrx_word' id='word_1_111' title='bbox 510 990 675 1048; x_wconf 76' lang='grc' dir='ltr'><strong><em>φανερωτέρας.</em></strong></span> <span class='ocrx_word' id='word_1_112' title='bbox 715 991 853 1044; x_wconf 69' lang='grc' dir='ltr'><strong><em>συντίθεμαι</em></strong></span> <span class='ocrx_word' id='word_1_113' title='bbox 873 988 943 1047; x_wconf 73' lang='lat' dir='ltr'>malpel,</span> <span class='ocrx_word' id='word_1_114' title='bbox 967 987 1002 1033; x_wconf 84' lang='grc' dir='ltr'>ὅτι</span> <span class='ocrx_word' id='word_1_115' title='bbox 1023 989 1075 1035; x_wconf 83' lang='lat' dir='ltr'>oe&#39;lu</span> 
     </span>
     <span class='ocr_line' id='line_1_12' title="bbox 80 1056 1050 1145; baseline -0.002 -41"><span class='ocrx_word' id='word_1_116' title='bbox 80 1059 157 1105; x_wconf 80' lang='grc' dir='ltr'><strong><em>κολντα</em></strong></span> <span class='ocrx_word' id='word_1_117' title='bbox 174 1056 202 1106; x_wconf 76' lang='lat' dir='ltr'>eoi</span> <span class='ocrx_word' id='word_1_118' title='bbox 220 1056 348 1118; x_wconf 70' lang='grc' dir='ltr'><strong><em>ἀνθρώπων</em></strong></span> <span class='ocrx_word' id='word_1_119' title='bbox 364 1058 500 1106; x_wconf 78' lang='grc' dir='ltr'><strong><em>οἷκιοιλιιλὸνοιι</em></strong></span> <span class='ocrx_word' id='word_1_120' title='bbox 522 1064 571 1108; x_wconf 74' lang='lat' dir='ltr'>de·</span> <span class='ocrx_word' id='word_1_121' title='bbox 568 1064 596 1121; x_wconf 75' lang='grc' dir='ltr'>τη]</span> <span class='ocrx_word' id='word_1_122' title='bbox 613 1063 666 1121; x_wconf 76' lang='grc' dir='ltr'><em>θεῷ.</em></span> <span class='ocrx_word' id='word_1_123' title='bbox 703 1060 784 1107; x_wconf 78' lang='grc' dir='ltr'><strong><em>αὐτίκα</em></strong></span> <span class='ocrx_word' id='word_1_124' title='bbox 806 1062 862 1145; x_wconf 75' lang='grc' dir='ltr'>ησύν</span> <span class='ocrx_word' id='word_1_125' title='bbox 887 1064 907 1105; x_wconf 88' lang='grc' dir='ltr'><strong><em>οὶ</em></strong></span> <span class='ocrx_word' id='word_1_126' title='bbox 931 1056 1050 1114; x_wconf 72' lang='grc' dir='ltr'><strong><em>ολνθρωιιοι</em></strong></span> 
     </span>
     <span class='ocr_line' id='line_1_13' title="bbox 81 1126 1049 1216; baseline -0.003 -41"><span class='ocrx_word' id='word_1_127' title='bbox 81 1128 121 1175; x_wconf 81' lang='grc' dir='ltr'><strong><em>οὐκ</em></strong></span> <span class='ocrx_word' id='word_1_128' title='bbox 137 1135 226 1191; x_wconf 75' lang='grc' dir='ltr'><strong><em>ἔχοντες</em></strong></span> <span class='ocrx_word' id='word_1_129' title='bbox 242 1128 270 1176; x_wconf 77' lang='grc' dir='ltr'><strong><em>τοὶ</em></strong></span> <span class='ocrx_word' id='word_1_130' title='bbox 287 1130 380 1216; x_wconf 70' lang='lat' dir='ltr'>euinque</span> <span class='ocrx_word' id='word_1_131' title='bbox 397 1130 482 1187; x_wconf 80' lang='grc' dir='ltr'><strong><em>τρειικολ</em></strong></span> <span class='ocrx_word' id='word_1_132' title='bbox 499 1131 527 1177; x_wconf 77' lang='lat' dir='ltr'>ori</span> <span class='ocrx_word' id='word_1_133' title='bbox 542 1133 677 1188; x_wconf 77' lang='grc' dir='ltr'><strong><em>τρέπονται,</em></strong></span> <span class='ocrx_word' id='word_1_134' title='bbox 698 1128 755 1177; x_wconf 82' lang='lat' dir='ltr'>oillei</span> <span class='ocrx_word' id='word_1_135' title='bbox 778 1129 849 1210; x_wconf 77' lang='grc' dir='ltr'><strong><em>χρόνρι</em></strong></span> <span class='ocrx_word' id='word_1_136' title='bbox 869 1126 915 1174; x_wconf 75' lang='lat' dir='ltr'>nord</span> <span class='ocrx_word' id='word_1_137' title='bbox 937 1147 982 1173; x_wconf 87' lang='grc' dir='ltr'>ταν</span> <span class='ocrx_word' id='word_1_138' title='bbox 999 1147 1049 1184; x_wconf 88' lang='grc' dir='ltr'><strong><em>τρο-</em></strong></span> 
     </span>
     <span class='ocr_line' id='line_1_14' title="bbox 80 1196 1048 1284; baseline -0.002 -39"><span class='ocrx_word' id='word_1_139' title='bbox 80 1202 129 1248; x_wconf 76' lang='grc' dir='ltr'><strong><em>κιών</em></strong></span> <span class='ocrx_word' id='word_1_140' title='bbox 145 1197 297 1246; x_wconf 70' lang='grc' dir='ltr'><strong><em>α’λλοισύσθαι</em></strong></span> <span class='ocrx_word' id='word_1_141' title='bbox 314 1200 384 1258; x_wconf 75' lang='grc' dir='ltr'><strong><em>φύσιν</em></strong></span> <span class='ocrx_word' id='word_1_142' title='bbox 399 1206 495 1259; x_wconf 77' lang='grc' dir='ltr'><strong><em>ἔχουσιν</em></strong></span> <span class='ocrx_word' id='word_1_143' title='bbox 527 1220 537 1246; x_wconf 94' lang='grc' dir='ltr'><strong><em>ο</em></strong></span> <span class='ocrx_word' id='word_1_144' title='bbox 532 1200 577 1246; x_wconf 75' lang='lat' dir='ltr'>dd</span> <span class='ocrx_word' id='word_1_145' title='bbox 592 1200 646 1251; x_wconf 64' lang='lat' dir='ltr'>aeda</span> <span class='ocrx_word' id='word_1_146' title='bbox 662 1202 703 1284; x_wconf 65' lang='grc' dir='ltr'><strong><em>οηχ</em></strong></span> <span class='ocrx_word' id='word_1_147' title='bbox 719 1199 802 1250; x_wconf 77' lang='grc' dir='ltr'><strong><em>οὕτως</em></strong></span> <span class='ocrx_word' id='word_1_148' title='bbox 826 1196 873 1245; x_wconf 71' lang='lat'>666</span> <span class='ocrx_word' id='word_1_149' title='bbox 889 1196 932 1256; x_wconf 79' lang='lat' dir='ltr'>peip</span> <span class='ocrx_word' id='word_1_150' title='bbox 920 1202 989 1254; x_wconf 69' lang='lat' dir='ltr'>qaod</span> <span class='ocrx_word' id='word_1_151' title='bbox 1005 1204 1048 1255; x_wconf 82' lang='grc' dir='ltr'>ἐμ-</span> 
     </span>
     <span class='ocr_line' id='line_1_15' title="bbox 79 1266 1048 1350; baseline -0.002 -37"><span class='ocrx_word' id='word_1_152' title='bbox 79 1267 154 1325; x_wconf 73' lang='grc' dir='ltr'><strong><em>μύκον</em></strong></span> <span class='ocrx_word' id='word_1_153' title='bbox 170 1266 304 1327; x_wconf 72' lang='grc' dir='ltr'><strong><em>τινοτλμοτος</em></strong></span> <span class='ocrx_word' id='word_1_154' title='bbox 319 1266 392 1316; x_wconf 68' lang='grc' dir='ltr'><strong><em>αὐτοι]</em></strong></span> <span class='ocrx_word' id='word_1_155' title='bbox 409 1269 528 1328; x_wconf 77' lang='lat' dir='ltr'>olnoppq&#39;erp</span> <span class='ocrx_word' id='word_1_156' title='bbox 546 1269 657 1350; x_wconf 70' lang='grc' dir='ltr'><strong><em>δυνάμει,</em></strong></span> <span class='ocrx_word' id='word_1_157' title='bbox 673 1270 752 1341; x_wconf 73' lang='grc' dir='ltr'><strong><em>ὁκοῖον</em></strong></span> <span class='ocrx_word' id='word_1_158' title='bbox 767 1269 795 1316; x_wconf 81' lang='lat' dir='ltr'>dn</span> <span class='ocrx_word' id='word_1_159' title='bbox 810 1267 938 1328; x_wconf 75' lang='grc' dir='ltr'><strong><em>βούληται,</em></strong></span> <span class='ocrx_word' id='word_1_160' title='bbox 959 1269 1048 1326; x_wconf 74' lang='grc' dir='ltr'><strong><em>γίνεται</em></strong></span> 
     </span>
     <span class='ocr_line' id='line_1_16' title="bbox 79 1335 1073 1400; baseline 0.001 -19"><span class='ocrx_word' id='word_1_161' title='bbox 79 1335 104 1383; x_wconf 78' lang='lat' dir='ltr'>ud</span> <span class='ocrx_word' id='word_1_162' title='bbox 122 1341 192 1396; x_wconf 78' lang='grc' dir='ltr'><strong><em>σῶμα</em></strong></span> <span class='ocrx_word' id='word_1_163' title='bbox 224 1338 516 1398; x_wconf 77' lang='grc' dir='ltr'><strong><em>καλτοιτλκημαλλονέστι</em></strong></span> <span class='ocrx_word' id='word_1_164' title='bbox 533 1342 747 1400; x_wconf 57' lang='lat' dir='ltr'>praetemptant</span> <span class='ocrx_word' id='word_1_165' title='bbox 764 1336 1073 1396; x_wconf 76' lang='grc' dir='ltr'><strong><em>ὀοῖηρκιαράύτούτοι-1ο</em></strong></span> 
     </span>
     <span class='ocr_line' id='line_1_17' title="bbox 80 1407 1046 1467; baseline 0 -15"><span class='ocrx_word' id='word_1_166' title='bbox 80 1407 152 1464; x_wconf 77' lang='lat' dir='ltr'>edeqo</span> <span class='ocrx_word' id='word_1_167' title='bbox 169 1407 263 1466; x_wconf 75' lang='grc' dir='ltr'><strong><em>ιίληφολς</em></strong></span> <span class='ocrx_word' id='word_1_168' title='bbox 279 1409 350 1467; x_wconf 76' lang='grc' dir='ltr'><strong><em>φύσιν</em></strong></span> <span class='ocrx_word' id='word_1_169' title='bbox 366 1407 412 1454; x_wconf 83' lang='grc' dir='ltr'><strong><em>τιτὸ</em></strong></span> <span class='ocrx_word' id='word_1_170' title='bbox 429 1413 470 1457; x_wconf 74' lang='grc' dir='ltr'><strong><em>τού</em></strong></span> <span class='ocrx_word' id='word_1_171' title='bbox 489 1410 561 1457; x_wconf 71' lang='grc' dir='ltr'><strong><em>αὐτὸν</em></strong></span> <span class='ocrx_word' id='word_1_172' title='bbox 578 1407 831 1466; x_wconf 78' lang='grc' dir='ltr'><strong><em>ιλιηκοντοςοῖσαιματον</em></strong></span> <span class='ocrx_word' id='word_1_173' title='bbox 848 1412 890 1455; x_wconf 72' lang='grc' dir='ltr'><strong><em>νοτ]</em></strong></span> <span class='ocrx_word' id='word_1_174' title='bbox 913 1413 944 1458; x_wconf 77' lang='grc' dir='ltr'>εἰς</span> <span class='ocrx_word' id='word_1_175' title='bbox 965 1407 1046 1465; x_wconf 79' lang='grc' dir='ltr'><strong><em>ιλρόσον</em></strong></span> 
     </span>
     <span class='ocr_line' id='line_1_18' title="bbox 79 1478 1045 1540; baseline 0 -18"><span class='ocrx_word' id='word_1_176' title='bbox 79 1479 171 1536; x_wconf 82' lang='grc' dir='ltr'><strong><em>τρακιελς</em></strong></span> <span class='ocrx_word' id='word_1_177' title='bbox 187 1481 222 1523; x_wconf 90' lang='grc' dir='ltr'>καὶ</span> <span class='ocrx_word' id='word_1_178' title='bbox 239 1481 366 1540; x_wconf 66' lang='grc' dir='ltr'><strong><em>καχονθελς</em></strong></span> <span class='ocrx_word' id='word_1_179' title='bbox 382 1481 469 1535; x_wconf 77' lang='grc' dir='ltr'><strong><em>γίνεται</em></strong></span> <span class='ocrx_word' id='word_1_180' title='bbox 484 1478 556 1538; x_wconf 66' lang='grc' dir='ltr'><strong><em>ὕδωρ,</em></strong></span> <span class='ocrx_word' id='word_1_181' title='bbox 577 1478 636 1537; x_wconf 67' lang='grc' dir='ltr'>ὕδωρ</span> <span class='ocrx_word' id='word_1_182' title='bbox 661 1482 684 1525; x_wconf 74' lang='lat' dir='ltr'>dt</span> <span class='ocrx_word' id='word_1_183' title='bbox 704 1485 779 1537; x_wconf 74' lang='grc' dir='ltr'><strong><em>παγὲν</em></strong></span> <span class='ocrx_word' id='word_1_184' title='bbox 803 1481 866 1526; x_wconf 71' lang='grc' dir='ltr'><strong><em>λίθοι</em></strong></span> <span class='ocrx_word' id='word_1_185' title='bbox 887 1481 922 1524; x_wconf 84' lang='grc' dir='ltr'>καλ</span> <span class='ocrx_word' id='word_1_186' title='bbox 945 1480 986 1535; x_wconf 76' lang='grc' dir='ltr'>γῆ,</span> <span class='ocrx_word' id='word_1_187' title='bbox 1009 1480 1045 1522; x_wconf 79' lang='grc' dir='ltr'>καλ</span> 
     </span>
     <span class='ocr_line' id='line_1_19' title="bbox 78 1546 1046 1608; baseline -0.003 -15"><span class='ocrx_word' id='word_1_188' title='bbox 78 1550 142 1593; x_wconf 66' lang='grc' dir='ltr'><strong><em>λίθοι</em></strong></span> <span class='ocrx_word' id='word_1_189' title='bbox 157 1549 181 1593; x_wconf 77' lang='lat' dir='ltr'>dl</span> <span class='ocrx_word' id='word_1_190' title='bbox 198 1546 345 1608; x_wconf 76' lang='grc' dir='ltr'><strong><em>σνρρηξοιντες</em></strong></span> <span class='ocrx_word' id='word_1_191' title='bbox 362 1552 407 1606; x_wconf 74' lang='grc' dir='ltr'><strong><em>κταρ</em></strong></span> <span class='ocrx_word' id='word_1_192' title='bbox 423 1547 566 1602; x_wconf 75' lang='grc' dir='ltr'><strong><em>ἑξολιιτονσιν.</em></strong></span> <span class='ocrx_word' id='word_1_193' title='bbox 596 1554 702 1596; x_wconf 70' lang='grc' dir='ltr'><strong><em>τοιοῦτον</em></strong></span> <span class='ocrx_word' id='word_1_194' title='bbox 720 1547 775 1594; x_wconf 81' lang='lat' dir='ltr'>nord</span> <span class='ocrx_word' id='word_1_195' title='bbox 793 1546 925 1608; x_wconf 71' lang='grc' dir='ltr'><strong><em>μεταβολην</em></strong></span> <span class='ocrx_word' id='word_1_196' title='bbox 941 1550 977 1592; x_wconf 83' lang='grc' dir='ltr'>καὶ</span> <span class='ocrx_word' id='word_1_197' title='bbox 995 1565 1046 1604; x_wconf 91' lang='grc' dir='ltr'><strong><em>τρο-</em></strong></span> 
     </span>
     <span class='ocr_line' id='line_1_20' title="bbox 78 1612 1045 1679; baseline -0.001 -16"><span class='ocrx_word' id='word_1_198' title='bbox 78 1615 125 1675; x_wconf 76' lang='grc' dir='ltr'><strong><em>κιιλν</em></strong></span> <span class='ocrx_word' id='word_1_199' title='bbox 141 1616 152 1663; x_wconf 88' lang='lat'>6</span> <span class='ocrx_word' id='word_1_200' title='bbox 168 1617 212 1675; x_wconf 75' lang='lat'>669</span> <span class='ocrx_word' id='word_1_201' title='bbox 227 1618 285 1677; x_wconf 61' lang='grc' dir='ltr'>ὕδωρ</span> <span class='ocrx_word' id='word_1_202' title='bbox 301 1618 328 1665; x_wconf 79' lang='grc' dir='ltr'><strong><em>τοὶ</em></strong></span> <span class='ocrx_word' id='word_1_203' title='bbox 346 1622 422 1677; x_wconf 83' lang='grc' dir='ltr'><strong><em>κιρώτα</em></strong></span> <span class='ocrx_word' id='word_1_204' title='bbox 438 1622 534 1679; x_wconf 75' lang='grc' dir='ltr'><strong><em>γεγονώς</em></strong></span> <span class='ocrx_word' id='word_1_205' title='bbox 549 1626 581 1672; x_wconf 76' lang='grc' dir='ltr'>εἰς</span> <span class='ocrx_word' id='word_1_206' title='bbox 596 1626 642 1679; x_wconf 78' lang='grc' dir='ltr'>κύρ</span> <span class='ocrx_word' id='word_1_207' title='bbox 658 1626 720 1679; x_wconf 79' lang='grc' dir='ltr'><strong><em>ε”ληξο</em></strong></span> <span class='ocrx_word' id='word_1_208' title='bbox 736 1617 772 1665; x_wconf 80' lang='grc' dir='ltr'><strong><em>ιλιολ</em></strong></span> <span class='ocrx_word' id='word_1_209' title='bbox 788 1623 833 1664; x_wconf 65' lang='grc' dir='ltr'><strong><em>τοῖν</em></strong></span> <span class='ocrx_word' id='word_1_210' title='bbox 848 1620 948 1676; x_wconf 75' lang='grc' dir='ltr'><strong><em>τροπῶν,</em></strong></span> <span class='ocrx_word' id='word_1_211' title='bbox 964 1621 1001 1663; x_wconf 85' lang='grc' dir='ltr'>καὶ</span> <span class='ocrx_word' id='word_1_212' title='bbox 1019 1612 1045 1662; x_wconf 78' lang='grc' dir='ltr'>τὸ</span> 
     </span>
     <span class='ocr_line' id='line_1_21' title="bbox 76 1687 1072 1752; baseline -0.002 -17"><span class='ocrx_word' id='word_1_213' title='bbox 76 1687 147 1747; x_wconf 61' lang='lat' dir='ltr'>dyada(</span> <span class='ocrx_word' id='word_1_214' title='bbox 162 1694 193 1740; x_wconf 77' lang='grc' dir='ltr'>εἰς</span> <span class='ocrx_word' id='word_1_215' title='bbox 209 1689 252 1746; x_wconf 78' lang='grc' dir='ltr'>την</span> <span class='ocrx_word' id='word_1_216' title='bbox 267 1692 375 1736; x_wconf 82' lang='grc' dir='ltr'><strong><em>ἐναντίαν</em></strong></span> <span class='ocrx_word' id='word_1_217' title='bbox 392 1690 461 1748; x_wconf 77' lang='grc' dir='ltr'><strong><em>φύσιν</em></strong></span> <span class='ocrx_word' id='word_1_218' title='bbox 476 1690 617 1750; x_wconf 77' lang='grc' dir='ltr'><strong><em>μετετριλκιη.</em></strong></span> <span class='ocrx_word' id='word_1_219' title='bbox 648 1694 670 1738; x_wconf 86' lang='grc' dir='ltr'>τί</span> <span class='ocrx_word' id='word_1_220' title='bbox 686 1694 720 1748; x_wconf 78' lang='grc' dir='ltr'><strong><em>δι’,-</em></strong></span> <span class='ocrx_word' id='word_1_221' title='bbox 740 1690 788 1752; x_wconf 67' lang='lat' dir='ltr'>oripi</span> <span class='ocrx_word' id='word_1_222' title='bbox 805 1693 839 1736; x_wconf 78' lang='grc' dir='ltr'>καὶ</span> <span class='ocrx_word' id='word_1_223' title='bbox 856 1687 897 1748; x_wconf 80' lang='grc' dir='ltr'>την</span> <span class='ocrx_word' id='word_1_224' title='bbox 913 1690 1026 1738; x_wconf 66' lang='lat' dir='ltr'>Matrinius</span> <span class='ocrx_word' id='word_1_225' title='bbox 1038 1688 1072 1738; x_wconf 83' lang='lat'>¹20</span> 
     </span>
    </p>
   </div>
   <div class='ocr_carea' id='block_1_3' title="bbox 71 1829 1112 3162">
    <p class='ocr_par' dir='ltr' id='par_1_4' title="bbox 78 1829 1043 1956">
     <span class='ocr_line' id='line_1_22' title="bbox 78 1829 1043 1888; baseline -0.003 -16"><span class='ocrx_word' id='word_1_226' title='bbox 78 1829 119 1872; x_wconf 85' lang='lat' dir='ltr'>Sed</span> <span class='ocrx_word' id='word_1_227' title='bbox 135 1830 152 1872; x_wconf 91' lang='lat' dir='ltr'>si</span> <span class='ocrx_word' id='word_1_228' title='bbox 168 1830 213 1884; x_wconf 91' lang='lat' dir='ltr'>quis</span> <span class='ocrx_word' id='word_1_229' title='bbox 230 1843 276 1873; x_wconf 90' lang='lat' dir='ltr'>eum</span> <span class='ocrx_word' id='word_1_230' title='bbox 292 1844 376 1886; x_wconf 91' lang='lat' dir='ltr'>quoque</span> <span class='ocrx_word' id='word_1_231' title='bbox 391 1832 508 1874; x_wconf 74' lang='lat' dir='ltr'>mutabilem</span> <span class='ocrx_word' id='word_1_232' title='bbox 523 1832 593 1874; x_wconf 80' lang='lat' dir='ltr'>dicere</span> <span class='ocrx_word' id='word_1_233' title='bbox 610 1833 664 1888; x_wconf 88' lang='lat' dir='ltr'>velit,</span> <span class='ocrx_word' id='word_1_234' title='bbox 680 1832 733 1875; x_wconf 89' lang='lat' dir='ltr'>haud</span> <span class='ocrx_word' id='word_1_235' title='bbox 750 1844 800 1874; x_wconf 88' lang='lat' dir='ltr'>sane</span> <span class='ocrx_word' id='word_1_236' title='bbox 815 1832 921 1886; x_wconf 77' lang='lat' dir='ltr'>intelligo,</span> <span class='ocrx_word' id='word_1_237' title='bbox 938 1829 1043 1885; x_wconf 89' lang='lat' dir='ltr'>quomodo</span> 
     </span>
     <span class='ocr_line' id='line_1_23' title="bbox 78 1901 479 1956; baseline 0.007 -13"><span class='ocrx_word' id='word_1_238' title='bbox 78 1914 123 1943; x_wconf 89' lang='lat' dir='ltr'>eum</span> <span class='ocrx_word' id='word_1_239' title='bbox 139 1901 275 1944; x_wconf 77' lang='lat' dir='ltr'>immortalem</span> <span class='ocrx_word' id='word_1_240' title='bbox 291 1902 393 1944; x_wconf 88' lang='lat' dir='ltr'>affirmare</span> <span class='ocrx_word' id='word_1_241' title='bbox 410 1909 479 1956; x_wconf 86' lang='lat' dir='ltr'>queat</span> 
     </span>
    </p>

    <p class='ocr_par' dir='ltr' id='par_1_5' title="bbox 71 1970 1112 3162">
     <span class='ocr_line' id='line_1_24' title="bbox 135 1970 1043 2028; baseline -0.004 -14"><span class='ocrx_word' id='word_1_242' title='bbox 135 1973 166 2014; x_wconf 87' lang='lat' dir='ltr'>Vl.</span> <span class='ocrx_word' id='word_1_243' title='bbox 198 1972 275 2020; x_wconf 87' lang='lat' dir='ltr'>Quibus</span> <span class='ocrx_word' id='word_1_244' title='bbox 292 1974 364 2016; x_wconf 88' lang='lat' dir='ltr'>auditis</span> <span class='ocrx_word' id='word_1_245' title='bbox 380 1986 426 2014; x_wconf 89' lang='lat' dir='ltr'>eum</span> <span class='ocrx_word' id='word_1_246' title='bbox 442 1974 515 2016; x_wconf 90' lang='lat' dir='ltr'>Petrus</span> <span class='ocrx_word' id='word_1_247' title='bbox 531 1973 634 2026; x_wconf 90' lang='lat' dir='ltr'>paululum</span> <span class='ocrx_word' id='word_1_248' title='bbox 651 1972 800 2028; x_wconf 81' lang='lat' dir='ltr'>cogitabundus</span> <span class='ocrx_word' id='word_1_249' title='bbox 816 1973 910 2028; x_wconf 82' lang='lat' dir='ltr'>sedisset,</span> <span class='ocrx_word' id='word_1_250' title='bbox 926 1970 1043 2026; x_wconf 84' lang='lat' dir='ltr'>respondit:</span> 
     </span>
     <span class='ocr_line' id='line_1_25' title="bbox 76 2043 1041 2099; baseline -0.004 -14"><span class='ocrx_word' id='word_1_251' title='bbox 76 2044 121 2086; x_wconf 88' lang='lat' dir='ltr'>Non</span> <span class='ocrx_word' id='word_1_252' title='bbox 137 2043 212 2098; x_wconf 80' lang='lat' dir='ltr'>eredo,</span> <span class='ocrx_word' id='word_1_253' title='bbox 228 2055 291 2097; x_wconf 90' lang='lat' dir='ltr'>posse</span> <span class='ocrx_word' id='word_1_254' title='bbox 307 2044 396 2098; x_wconf 81' lang='lat' dir='ltr'>aliquem</span> <span class='ocrx_word' id='word_1_255' title='bbox 411 2044 437 2085; x_wconf 93' lang='lat' dir='ltr'>de</span> <span class='ocrx_word' id='word_1_256' title='bbox 456 2045 508 2086; x_wconf 89' lang='lat' dir='ltr'>ltlalo</span> <span class='ocrx_word' id='word_1_257' title='bbox 530 2044 598 2099; x_wconf 81' lang='lat' dir='ltr'>loqui,</span> <span class='ocrx_word' id='word_1_258' title='bbox 620 2044 658 2087; x_wconf 87' lang='lat' dir='ltr'>nisi</span> <span class='ocrx_word' id='word_1_259' title='bbox 679 2045 740 2086; x_wconf 85' lang='lat' dir='ltr'>faeiat</span> <span class='ocrx_word' id='word_1_260' title='bbox 760 2043 819 2087; x_wconf 93' lang='lat' dir='ltr'>simul</span> <span class='ocrx_word' id='word_1_261' title='bbox 842 2043 888 2085; x_wconf 89' lang='lat' dir='ltr'>ltlali</span> <span class='ocrx_word' id='word_1_262' title='bbox 909 2043 1041 2084; x_wconf 88' lang='lat' dir='ltr'>voluntatem.</span> 
     </span>
     <span class='ocr_line' id='line_1_26' title="bbox 76 2114 1068 2172; baseline -0.002 -17"><span class='ocrx_word' id='word_1_263' title='bbox 76 2115 156 2169; x_wconf 83' lang='lat' dir='ltr'>Quare,</span> <span class='ocrx_word' id='word_1_264' title='bbox 180 2125 226 2154; x_wconf 87' lang='lat' dir='ltr'>eum</span> <span class='ocrx_word' id='word_1_265' title='bbox 246 2114 285 2155; x_wconf 89' lang='lat' dir='ltr'>boe</span> <span class='ocrx_word' id='word_1_266' title='bbox 306 2116 371 2169; x_wconf 93' lang='lat' dir='ltr'>ipsum</span> <span class='ocrx_word' id='word_1_267' title='bbox 389 2115 463 2170; x_wconf 83' lang='lat' dir='ltr'>seiam,</span> <span class='ocrx_word' id='word_1_268' title='bbox 480 2115 562 2169; x_wconf 80' lang='lat' dir='ltr'>dubito,</span> <span class='ocrx_word' id='word_1_269' title='bbox 583 2115 900 2172; x_wconf 77' lang='lat' dir='ltr'>quidfaeia1n‚utr·umsileam</span> <span class='ocrx_word' id='word_1_270' title='bbox 921 2127 947 2155; x_wconf 86' lang='lat' dir='ltr'>an</span> <span class='ocrx_word' id='word_1_271' title='bbox 962 2114 1068 2167; x_wconf 54' lang='lat' dir='ltr'>loquare„</span> 
     </span>
     <span class='ocr_line' id='line_1_27' title="bbox 72 2185 1041 2243; baseline -0.003 -15"><span class='ocrx_word' id='word_1_272' title='bbox 72 2186 96 2229; x_wconf 60' lang='lat' dir='ltr'>:si</span> <span class='ocrx_word' id='word_1_273' title='bbox 112 2187 165 2227; x_wconf 92' lang='lat' dir='ltr'>enim</span> <span class='ocrx_word' id='word_1_274' title='bbox 181 2190 271 2240; x_wconf 83' lang='lat' dir='ltr'>taceam,</span> <span class='ocrx_word' id='word_1_275' title='bbox 286 2186 350 2228; x_wconf 92' lang='lat' dir='ltr'>risum</span> <span class='ocrx_word' id='word_1_276' title='bbox 366 2185 418 2240; x_wconf 91' lang='lat' dir='ltr'>apud</span> <span class='ocrx_word' id='word_1_277' title='bbox 435 2186 509 2229; x_wconf 86' lang='lat' dir='ltr'>multos</span> <span class='ocrx_word' id='word_1_278' title='bbox 526 2199 632 2242; x_wconf 83' lang='lat' dir='ltr'>moveam,</span> <span class='ocrx_word' id='word_1_279' title='bbox 648 2193 671 2229; x_wconf 89' lang='lat' dir='ltr'>ut</span> <span class='ocrx_word' id='word_1_280' title='bbox 691 2188 735 2243; x_wconf 77' lang='lat' dir='ltr'>qui,</span> <span class='ocrx_word' id='word_1_281' title='bbox 752 2187 860 2229; x_wconf 85' lang='lat' dir='ltr'>veritatem</span> <span class='ocrx_word' id='word_1_282' title='bbox 876 2198 908 2227; x_wconf 92' lang='lat' dir='ltr'>me</span> <span class='ocrx_word' id='word_1_283' title='bbox 925 2185 1041 2238; x_wconf 80' lang='lat' dir='ltr'>explicatu-</span> 
     </span>
     <span class='ocr_line' id='line_1_28' title="bbox 74 2255 1042 2313; baseline 0 -15"><span class='ocrx_word' id='word_1_284' title='bbox 74 2269 120 2298; x_wconf 86' lang='lat' dir='ltr'>rum</span> <span class='ocrx_word' id='word_1_285' title='bbox 136 2255 254 2313; x_wconf 79' lang='lat' dir='ltr'>professus,</span> <span class='ocrx_word' id='word_1_286' title='bbox 271 2256 296 2299; x_wconf 88' lang='lat' dir='ltr'>de</span> <span class='ocrx_word' id='word_1_287' title='bbox 313 2258 387 2299; x_wconf 87' lang='lat' dir='ltr'>matitia</span> <span class='ocrx_word' id='word_1_288' title='bbox 403 2257 460 2312; x_wconf 86' lang='lat' dir='ltr'>loqui</span> <span class='ocrx_word' id='word_1_289' title='bbox 476 2258 579 2310; x_wconf 77' lang='lat' dir='ltr'>neseiam5</span> <span class='ocrx_word' id='word_1_290' title='bbox 599 2258 630 2300; x_wconf 91' lang='lat' dir='ltr'>sin</span> <span class='ocrx_word' id='word_1_291' title='bbox 645 2259 732 2313; x_wconf 78' lang='lat' dir='ltr'>loquar,</span> <span class='ocrx_word' id='word_1_292' title='bbox 755 2257 816 2300; x_wconf 87' lang='lat' dir='ltr'>timeo</span> <span class='ocrx_word' id='word_1_293' title='bbox 832 2270 858 2299; x_wconf 92' lang='lat' dir='ltr'>ne</span> <span class='ocrx_word' id='word_1_294' title='bbox 874 2257 919 2299; x_wconf 80' lang='lat' dir='ltr'>neo</span> <span class='ocrx_word' id='word_1_295' title='bbox 937 2257 1042 2311; x_wconf 79' lang='lat' dir='ltr'>displiceat</span> 
     </span>
     <span class='ocr_line' id='line_1_29' title="bbox 75 2325 1042 2383; baseline 0 -15"><span class='ocrx_word' id='word_1_296' title='bbox 75 2326 189 2380; x_wconf 83' lang='lat' dir='ltr'>disquisitio</span> <span class='ocrx_word' id='word_1_297' title='bbox 206 2325 239 2367; x_wconf 76' lang='lat' dir='ltr'>dev</span> <span class='ocrx_word' id='word_1_298' title='bbox 254 2327 306 2368; x_wconf 89' lang='lat' dir='ltr'>malo</span> <span class='ocrx_word' id='word_1_299' title='bbox 330 2328 430 2381; x_wconf 82' lang='lat' dir='ltr'>instituta,</span> <span class='ocrx_word' id='word_1_300' title='bbox 453 2329 528 2382; x_wconf 87' lang='lat' dir='ltr'>quippe</span> <span class='ocrx_word' id='word_1_301' title='bbox 552 2328 585 2369; x_wconf 89' lang='lat' dir='ltr'>eui</span> <span class='ocrx_word' id='word_1_302' title='bbox 600 2340 642 2369; x_wconf 91' lang='lat' dir='ltr'>non</span> <span class='ocrx_word' id='word_1_303' title='bbox 659 2330 697 2371; x_wconf 89' lang='lat' dir='ltr'>nisi</span> <span class='ocrx_word' id='word_1_304' title='bbox 715 2330 835 2383; x_wconf 85' lang='lat' dir='ltr'>disquisitio.</span> <span class='ocrx_word' id='word_1_305' title='bbox 847 2330 939 2372; x_wconf 89' lang='lat' dir='ltr'>debono</span> <span class='ocrx_word' id='word_1_306' title='bbox 957 2329 1042 2383; x_wconf 84' lang='lat' dir='ltr'>placeat.</span> 
     </span>
     <span class='ocr_line' id='line_1_30' title="bbox 74 2397 1040 2456; baseline -0.001 -16"><span class='ocrx_word' id='word_1_307' title='bbox 74 2398 169 2439; x_wconf 85' lang='lat' dir='ltr'>Attamen</span> <span class='ocrx_word' id='word_1_308' title='bbox 185 2409 238 2450; x_wconf 89' lang='lat' dir='ltr'>quae</span> <span class='ocrx_word' id='word_1_309' title='bbox 253 2397 278 2438; x_wconf 85' lang='lat' dir='ltr'>ad</span> <span class='ocrx_word' id='word_1_310' title='bbox 294 2397 411 2453; x_wconf 84' lang='lat' dir='ltr'>Soplroniae</span> <span class='ocrx_word' id='word_1_311' title='bbox 427 2399 613 2454; x_wconf 75' lang='lat' dir='ltr'>interrogationem</span> <span class='ocrx_word' id='word_1_312' title='bbox 630 2400 740 2456; x_wconf 81' lang='lat' dir='ltr'>respondi,</span> <span class='ocrx_word' id='word_1_313' title='bbox 757 2402 818 2442; x_wconf 90' lang='lat' dir='ltr'>etiam</span> <span class='ocrx_word' id='word_1_314' title='bbox 834 2402 909 2444; x_wconf 88' lang='lat' dir='ltr'>elarius</span> <span class='ocrx_word' id='word_1_315' title='bbox 925 2400 984 2443; x_wconf 89' lang='lat' dir='ltr'>vobis</span> <span class='ocrx_word' id='word_1_316' title='bbox 1001 2412 1040 2440; x_wconf 85' lang='lat' dir='ltr'>ex-</span> 
     </span>
     <span class='ocr_line' id='line_1_31' title="bbox 73 2467 1112 2529; baseline 0.002 -20"><span class='ocrx_word' id='word_1_317' title='bbox 73 2468 160 2522; x_wconf 79' lang='lat' dir='ltr'>plicabo.</span> <span class='ocrx_word' id='word_1_318' title='bbox 191 2467 235 2521; x_wconf 81' lang='lat' dir='ltr'>Ego</span> <span class='ocrx_word' id='word_1_319' title='bbox 251 2480 336 2523; x_wconf 89' lang='lat' dir='ltr'>quoque</span> <span class='ocrx_word' id='word_1_320' title='bbox 353 2468 459 2525; x_wconf 80' lang='lat' dir='ltr'>eoneedo,</span> <span class='ocrx_word' id='word_1_321' title='bbox 482 2482 524 2512; x_wconf 92' lang='lat' dir='ltr'>non</span> <span class='ocrx_word' id='word_1_322' title='bbox 545 2471 622 2525; x_wconf 83' lang='lat' dir='ltr'>omnia,</span> <span class='ocrx_word' id='word_1_323' title='bbox 646 2484 699 2524; x_wconf 90' lang='lat' dir='ltr'>quae</span> <span class='ocrx_word' id='word_1_324' title='bbox 723 2471 827 2513; x_wconf 86' lang='lat' dir='ltr'>hominum</span> <span class='ocrx_word' id='word_1_325' title='bbox 848 2474 898 2529; x_wconf 76' lang='lat' dir='ltr'>sint,</span> <span class='ocrx_word' id='word_1_326' title='bbox 925 2473 970 2513; x_wconf 89' lang='lat' dir='ltr'>Deo</span> <span class='ocrx_word' id='word_1_327' title='bbox 994 2482 1066 2520; x_wconf 81' lang='lat' dir='ltr'>esse30</span> <span class='ocrx_word' id='word_1_328' title='bbox 1110 2477 1112 2484; x_wconf 88' lang='lat'>&#39;</span> 
     </span>
     <span class='ocr_line' id='line_1_32' title="bbox 74 2539 1039 2600; baseline 0.002 -18"><span class='ocrx_word' id='word_1_329' title='bbox 74 2539 208 2582; x_wconf 84' lang='lat' dir='ltr'>attribuenda.</span> <span class='ocrx_word' id='word_1_330' title='bbox 238 2539 283 2581; x_wconf 90' lang='lat' dir='ltr'>Jam</span> <span class='ocrx_word' id='word_1_331' title='bbox 299 2539 381 2593; x_wconf 92' lang='lat' dir='ltr'>quidem</span> <span class='ocrx_word' id='word_1_332' title='bbox 398 2539 501 2596; x_wconf 79' lang='lat' dir='ltr'>homines,</span> <span class='ocrx_word' id='word_1_333' title='bbox 518 2541 592 2594; x_wconf 92' lang='lat' dir='ltr'>quibus</span> <span class='ocrx_word' id='word_1_334' title='bbox 608 2552 696 2594; x_wconf 89' lang='lat' dir='ltr'>eorpora</span> <span class='ocrx_word' id='word_1_335' title='bbox 712 2542 842 2585; x_wconf 85' lang='lat' dir='ltr'>immutabilia</span> <span class='ocrx_word' id='word_1_336' title='bbox 858 2549 915 2600; x_wconf 78' lang='lat' dir='ltr'>sunt,</span> <span class='ocrx_word' id='word_1_337' title='bbox 935 2556 977 2585; x_wconf 92' lang='lat' dir='ltr'>non</span> <span class='ocrx_word' id='word_1_338' title='bbox 993 2556 1039 2584; x_wconf 87' lang='lat' dir='ltr'>mu-</span> 
     </span>
     <span class='ocr_line' id='line_1_33' title="bbox 73 2611 1038 2669; baseline -0.003 -13"><span class='ocrx_word' id='word_1_339' title='bbox 73 2619 152 2669; x_wconf 77' lang='lat' dir='ltr'>tantur,</span> <span class='ocrx_word' id='word_1_340' title='bbox 168 2611 205 2654; x_wconf 88' lang='lat' dir='ltr'>sed</span> <span class='ocrx_word' id='word_1_341' title='bbox 221 2612 311 2654; x_wconf 90' lang='lat' dir='ltr'>indolem</span> <span class='ocrx_word' id='word_1_342' title='bbox 328 2613 404 2655; x_wconf 88' lang='lat' dir='ltr'>habent</span> <span class='ocrx_word' id='word_1_343' title='bbox 419 2625 465 2655; x_wconf 91' lang='lat' dir='ltr'>eum</span> <span class='ocrx_word' id='word_1_344' title='bbox 482 2614 529 2655; x_wconf 91' lang='lat' dir='ltr'>anni</span> <span class='ocrx_word' id='word_1_345' title='bbox 545 2619 638 2667; x_wconf 86' lang='lat' dir='ltr'>tempore</span> <span class='ocrx_word' id='word_1_346' title='bbox 654 2614 753 2656; x_wconf 88' lang='lat' dir='ltr'>variandi.</span> <span class='ocrx_word' id='word_1_347' title='bbox 783 2613 810 2655; x_wconf 82' lang='lat' dir='ltr'>Ar</span> <span class='ocrx_word' id='word_1_348' title='bbox 823 2626 864 2656; x_wconf 91' lang='lat' dir='ltr'>non</span> <span class='ocrx_word' id='word_1_349' title='bbox 876 2614 978 2667; x_wconf 78' lang='lat' dir='ltr'>itaDeus3</span> <span class='ocrx_word' id='word_1_350' title='bbox 994 2626 1038 2654; x_wconf 90' lang='lat' dir='ltr'>nam</span> 
     </span>
     <span class='ocr_line' id='line_1_34' title="bbox 72 2683 1038 2738; baseline -0.003 -12"><span class='ocrx_word' id='word_1_351' title='bbox 72 2686 124 2727; x_wconf 87' lang='lat' dir='ltr'>illius</span> <span class='ocrx_word' id='word_1_352' title='bbox 140 2683 211 2738; x_wconf 88' lang='lat' dir='ltr'>spiritu</span> <span class='ocrx_word' id='word_1_353' title='bbox 227 2683 246 2724; x_wconf 91' lang='lat' dir='ltr'>ei</span> <span class='ocrx_word' id='word_1_354' title='bbox 261 2683 331 2725; x_wconf 89' lang='lat' dir='ltr'>innato</span> <span class='ocrx_word' id='word_1_355' title='bbox 349 2696 425 2726; x_wconf 90' lang='lat' dir='ltr'>areana</span> <span class='ocrx_word' id='word_1_356' title='bbox 442 2685 462 2726; x_wconf 92' lang='lat' dir='ltr'>vi</span> <span class='ocrx_word' id='word_1_357' title='bbox 479 2696 555 2737; x_wconf 91' lang='lat' dir='ltr'>eorpus</span> <span class='ocrx_word' id='word_1_358' title='bbox 571 2683 602 2738; x_wconf 80' lang='lat' dir='ltr'>fit,</span> <span class='ocrx_word' id='word_1_359' title='bbox 619 2684 679 2736; x_wconf 89' lang='lat' dir='ltr'>quate</span> <span class='ocrx_word' id='word_1_360' title='bbox 700 2684 745 2737; x_wconf 89' lang='lat' dir='ltr'>ipse</span> <span class='ocrx_word' id='word_1_361' title='bbox 762 2683 809 2725; x_wconf 79' lang='lat' dir='ltr'>vult,</span> <span class='ocrx_word' id='word_1_362' title='bbox 846 2684 905 2732; x_wconf 81' lang='lat' dir='ltr'>Quod</span> <span class='ocrx_word' id='word_1_363' title='bbox 927 2697 952 2726; x_wconf 91' lang='lat' dir='ltr'>eo</span> <span class='ocrx_word' id='word_1_364' title='bbox 975 2683 1038 2736; x_wconf 77' lang='lat' dir='ltr'>magis</span> 
     </span>
     <span class='ocr_line' id='line_1_35' title="bbox 73 2752 1037 2810; baseline -0.005 -13"><span class='ocrx_word' id='word_1_365' title='bbox 73 2754 208 2808; x_wconf 83' lang='lat' dir='ltr'>eredendum,</span> <span class='ocrx_word' id='word_1_366' title='bbox 224 2765 270 2794; x_wconf 87' lang='lat' dir='ltr'>oum</span> <span class='ocrx_word' id='word_1_367' title='bbox 287 2757 323 2794; x_wconf 80' lang='lat' dir='ltr'>aer</span> <span class='ocrx_word' id='word_1_368' title='bbox 337 2766 375 2807; x_wconf 92' lang='lat' dir='ltr'>per</span> <span class='ocrx_word' id='word_1_369' title='bbox 391 2767 450 2810; x_wconf 75' lang='lat' dir='ltr'>eum,</span> <span class='ocrx_word' id='word_1_370' title='bbox 466 2754 486 2796; x_wconf 94' lang='lat' dir='ltr'>id</span> <span class='ocrx_word' id='word_1_371' title='bbox 503 2759 533 2796; x_wconf 91' lang='lat' dir='ltr'>est</span> <span class='ocrx_word' id='word_1_372' title='bbox 549 2766 587 2807; x_wconf 92' lang='lat' dir='ltr'>per</span> <span class='ocrx_word' id='word_1_373' title='bbox 602 2754 746 2807; x_wconf 78' lang='lat' dir='ltr'>incorpoream</span> <span class='ocrx_word' id='word_1_374' title='bbox 763 2759 851 2795; x_wconf 91' lang='lat' dir='ltr'>mentem</span> <span class='ocrx_word' id='word_1_375' title='bbox 874 2756 892 2795; x_wconf 91' lang='lat' dir='ltr'>in</span> <span class='ocrx_word' id='word_1_376' title='bbox 914 2767 960 2796; x_wconf 90' lang='lat' dir='ltr'>eum</span> <span class='ocrx_word' id='word_1_377' title='bbox 982 2752 1037 2793; x_wconf 88' lang='lat' dir='ltr'>dilu-</span> 
     </span>
     <span class='ocr_line' id='line_1_36' title="bbox 72 2824 1064 2880; baseline -0.003 -13"><span class='ocrx_word' id='word_1_378' title='bbox 72 2838 124 2880; x_wconf 81' lang='lat' dir='ltr'>sam,</span> <span class='ocrx_word' id='word_1_379' title='bbox 139 2824 255 2867; x_wconf 86' lang='lat' dir='ltr'>laenitatem</span> <span class='ocrx_word' id='word_1_380' title='bbox 271 2825 385 2879; x_wconf 78' lang='lat' dir='ltr'>acceperit,</span> <span class='ocrx_word' id='word_1_381' title='bbox 402 2830 425 2866; x_wconf 83' lang='lat' dir='ltr'>ut</span> <span class='ocrx_word' id='word_1_382' title='bbox 440 2826 460 2866; x_wconf 92' lang='lat' dir='ltr'>in</span> <span class='ocrx_word' id='word_1_383' title='bbox 475 2825 578 2878; x_wconf 89' lang='lat' dir='ltr'>liquorem</span> <span class='ocrx_word' id='word_1_384' title='bbox 594 2836 667 2866; x_wconf 87' lang='lat' dir='ltr'>versus</span> <span class='ocrx_word' id='word_1_385' title='bbox 684 2830 704 2865; x_wconf 92' lang='lat' dir='ltr'>et</span> <span class='ocrx_word' id='word_1_386' title='bbox 720 2828 831 2865; x_wconf 85' lang='lat' dir='ltr'>concretus</span> <span class='ocrx_word' id='word_1_387' title='bbox 848 2837 901 2878; x_wconf 88' lang='lat' dir='ltr'>aqua</span> <span class='ocrx_word' id='word_1_388' title='bbox 917 2824 962 2878; x_wconf 80' lang='lat' dir='ltr'>fiat,</span> <span class='ocrx_word' id='word_1_389' title='bbox 984 2832 1064 2876; x_wconf 76' lang='lat' dir='ltr'>aquata</span> 
     </span>
     <span class='ocr_line' id='line_1_37' title="bbox 72 2895 1037 2949; baseline -0.004 -12"><span class='ocrx_word' id='word_1_390' title='bbox 72 2901 139 2938; x_wconf 89' lang='lat' dir='ltr'>autem</span> <span class='ocrx_word' id='word_1_391' title='bbox 155 2899 252 2937; x_wconf 80' lang='lat' dir='ltr'>concreta</span> <span class='ocrx_word' id='word_1_392' title='bbox 270 2898 360 2935; x_wconf 88' lang='lat' dir='ltr'>mutetur</span> <span class='ocrx_word' id='word_1_393' title='bbox 375 2895 395 2935; x_wconf 93' lang='lat' dir='ltr'>in</span> <span class='ocrx_word' id='word_1_394' title='bbox 418 2895 496 2949; x_wconf 90' lang='lat' dir='ltr'>lapides</span> <span class='ocrx_word' id='word_1_395' title='bbox 512 2900 533 2936; x_wconf 86' lang='lat' dir='ltr'>et</span> <span class='ocrx_word' id='word_1_396' title='bbox 549 2900 633 2949; x_wconf 79' lang='lat' dir='ltr'>terram,</span> <span class='ocrx_word' id='word_1_397' title='bbox 656 2900 676 2936; x_wconf 90' lang='lat' dir='ltr'>et</span> <span class='ocrx_word' id='word_1_398' title='bbox 696 2895 774 2948; x_wconf 88' lang='lat' dir='ltr'>lapides</span> <span class='ocrx_word' id='word_1_399' title='bbox 797 2895 891 2936; x_wconf 91' lang='lat' dir='ltr'>eonlrieti</span> <span class='ocrx_word' id='word_1_400' title='bbox 910 2896 979 2948; x_wconf 78' lang='lat' dir='ltr'>ignem</span> <span class='ocrx_word' id='word_1_401' title='bbox 999 2905 1037 2934; x_wconf 89' lang='lat' dir='ltr'>ae-</span> 
     </span>
     <span class='ocr_line' id='line_1_38' title="bbox 72 2964 1038 3020; baseline -0.004 -11"><span class='ocrx_word' id='word_1_402' title='bbox 72 2967 166 3009; x_wconf 88' lang='lat' dir='ltr'>eendant.</span> <span class='ocrx_word' id='word_1_403' title='bbox 205 2965 250 3007; x_wconf 88' lang='grc' dir='ltr'>Ηοο</span> <span class='ocrx_word' id='word_1_404' title='bbox 271 2964 333 3006; x_wconf 91' lang='lat' dir='ltr'>modo</span> <span class='ocrx_word' id='word_1_405' title='bbox 357 2970 393 3007; x_wconf 82' lang='lat' dir='ltr'>aer</span> <span class='ocrx_word' id='word_1_406' title='bbox 408 2971 456 3020; x_wconf 86' lang='lat' dir='ltr'>post</span> <span class='ocrx_word' id='word_1_407' title='bbox 471 2966 625 3008; x_wconf 87' lang='lat' dir='ltr'>translationem</span> <span class='ocrx_word' id='word_1_408' title='bbox 650 2971 670 3007; x_wconf 83' lang='lat' dir='ltr'>et</span> <span class='ocrx_word' id='word_1_409' title='bbox 689 2966 870 3008; x_wconf 80' lang='lat' dir='ltr'>commutationem</span> <span class='ocrx_word' id='word_1_410' title='bbox 886 2966 972 3019; x_wconf 88' lang='lat' dir='ltr'>primum</span> <span class='ocrx_word' id='word_1_411' title='bbox 989 2965 1038 3018; x_wconf 90' lang='lat' dir='ltr'>qui-</span> 
     </span>
     <span class='ocr_line' id='line_1_39' title="bbox 72 3035 1038 3091; baseline -0.002 -12"><span class='ocrx_word' id='word_1_412' title='bbox 72 3039 118 3080; x_wconf 90' lang='lat' dir='ltr'>dem</span> <span class='ocrx_word' id='word_1_413' title='bbox 133 3049 186 3091; x_wconf 85' lang='lat' dir='ltr'>aqua</span> <span class='ocrx_word' id='word_1_414' title='bbox 203 3037 268 3078; x_wconf 88' lang='lat' dir='ltr'>laetus</span> <span class='ocrx_word' id='word_1_415' title='bbox 283 3047 321 3088; x_wconf 88' lang='lat' dir='ltr'>per</span> <span class='ocrx_word' id='word_1_416' title='bbox 339 3038 489 3078; x_wconf 83' lang='lat' dir='ltr'>conversiones</span> <span class='ocrx_word' id='word_1_417' title='bbox 506 3036 602 3076; x_wconf 82' lang='lat' dir='ltr'>cessabat</span> <span class='ocrx_word' id='word_1_418' title='bbox 617 3035 636 3074; x_wconf 85' lang='lat' dir='ltr'>in</span> <span class='ocrx_word' id='word_1_419' title='bbox 653 3036 733 3091; x_wconf 69' lang='lat' dir='ltr'>ignem,</span> <span class='ocrx_word' id='word_1_420' title='bbox 759 3043 779 3077; x_wconf 87' lang='lat' dir='ltr'>ot</span> <span class='ocrx_word' id='word_1_421' title='bbox 797 3037 899 3077; x_wconf 86' lang='lat' dir='ltr'>lrmmdum</span> <span class='ocrx_word' id='word_1_422' title='bbox 915 3036 935 3076; x_wconf 95' lang='lat' dir='ltr'>in</span> <span class='ocrx_word' id='word_1_423' title='bbox 950 3040 1038 3077; x_wconf 89' lang='lat' dir='ltr'>eontra-</span> 
     </span>
     <span class='ocr_line' id='line_1_40' title="bbox 71 3105 1038 3162; baseline -0.003 -12"><span class='ocrx_word' id='word_1_424' title='bbox 71 3109 121 3150; x_wconf 89' lang='lat' dir='ltr'>riam</span> <span class='ocrx_word' id='word_1_425' title='bbox 138 3111 232 3148; x_wconf 89' lang='lat' dir='ltr'>naturam</span> <span class='ocrx_word' id='word_1_426' title='bbox 247 3105 368 3148; x_wconf 86' lang='lat' dir='ltr'>mutabatur.</span> <span class='ocrx_word' id='word_1_427' title='bbox 406 3107 458 3155; x_wconf 82' lang='lat' dir='ltr'>Quid</span> <span class='ocrx_word' id='word_1_428' title='bbox 482 3106 552 3147; x_wconf 82' lang='lat' dir='ltr'>vero‘l</span> <span class='ocrx_word' id='word_1_429' title='bbox 582 3105 656 3146; x_wconf 83' lang='lat' dir='ltr'>Nonne</span> <span class='ocrx_word' id='word_1_430' title='bbox 672 3106 727 3162; x_wconf 74' lang='lat' dir='ltr'>Dens</span> <span class='ocrx_word' id='word_1_431' title='bbox 744 3108 803 3147; x_wconf 82' lang='lat' dir='ltr'>etiam</span> <span class='ocrx_word' id='word_1_432' title='bbox 824 3106 899 3159; x_wconf 76' lang='lat' dir='ltr'>lloysis</span> <span class='ocrx_word' id='word_1_433' title='bbox 924 3106 1038 3159; x_wconf 62' lang='lat' dir='ltr'>virgarum</span> 
     </span>
    </p>
   </div>
   <div class='ocr_carea' id='block_1_4' title="bbox 101 3232 277 3288">
    <p class='ocr_par' dir='ltr' id='par_1_6' title="bbox 101 3232 277 3288">
     <span class='ocr_line' id='line_1_41' title="bbox 101 3232 277 3288; baseline 0 -14"><span class='ocrx_word' id='word_1_434' title='bbox 101 3239 120 3277; x_wconf 81' lang='lat'>1.</span> <span class='ocrx_word' id='word_1_435' title='bbox 150 3232 242 3288; x_wconf 69' lang='grc' dir='ltr'><strong><em>μιολσέος</em></strong></span> <span class='ocrx_word' id='word_1_436' title='bbox 256 3236 277 3274; x_wconf 89' lang='lat'>0.</span> 
     </span>
    </p>
   </div>
   <div class='ocr_carea' id='block_1_5' title="bbox 0 0 1142 3612">
    <p class='ocr_par' dir='ltr' id='par_1_7' title="bbox 0 0 1142 3612">
     <span class='ocr_line' id='line_1_42' title="bbox 0 0 1142 3612; baseline 0 4"><span class='ocrx_word' id='word_1_437' title='bbox 0 0 1142 3612; x_wconf 95' lang='lat' dir='ltr'> </span> 
     </span>
    </p>
   </div>
  </div>
 </body>
</html>
