2276 3612
556 277 584 320 83
915 278 943 324 ΙΙΙ,
961 278 1051 316 ΙΙΙ-12.

91 392 153 435 λεται
168 389 217 444 περί
232 383 263 435 ὦν
277 389 387 447 βούλεται
403 384 443 436 τάς
459 383 582 442 ἀποδείξεις
602 401 731 453 παρασχεῖν.
768 389 845 437 πάντα
864 384 907 446 γάρ
926 393 949 433 αἱ
968 390 1052 444 γραφαί

90 458 260 515 λέγουσιν,’ίνα
276 461 356 517 μηιλεὶς
371 459 416 502 των
433 453 569 515 ἀγνωμόνως
585 461 715 518 ζητούντων
730 458 759 507 τύ
776 459 863 519 ἀληθὲς
883 456 958 516 εὕροι,
977 453 1025 502 ἀλλ’
1041 456 1052 502 ό

88 524 204 586 βούλεται,
219 531 259 575 τού
274 528 378 586 ἀληθούς
388 537 433 577 τοῖς
442 526 568 585 εύγνωμοοι
582 533 743 589 τετηρημένον.
773 525 939 589 εὐγνωμοσύνη
954 527 1053 581 ιλόέοτιν,

89 596 133 641 τό1
148 597 204 656 πρός
219 597 260 645 τόν
274 600 317 644 του
331 599 390 643 εἶναι
405 592 467 654 ἡμεῖς
482 599 557 642 αίτιον
573 594 695 654 ἀποσώζειν
710 599 813 656 στοργήν.

146 668 179 712 ΧΙ.
204 667 284 715 Ὅθεν
299 663 342 724 πρό
358 661 452 710 πάντων
467 666 551 711 είιλὲναι
567 662 662 724 ὀφείλει,
686 666 721 712 ότι
744 664 876 725 οάιλαμόθεν
898 662 972 724 αὐτην
988 662 1077 721 adal-s

89 754 141 789 οιιει,
156 742 176 783 εἰ
189 734 222 795 μη
239 734 268 782 ἀν
283 731 330 780 ἀπὸ
343 730 462 792 προφήτου
473 733 591 791 ἀληθείας.
619 727 737 793 προφήτης
745 737 768 781 de
779 734 868 795 ἀληθης
877 743 939 784 εὀτιν
950 733 962 782 ό
972 734 1051 782 πάντα

89 805 188 856 πάντοτε
203 805 277 859 sidcis,
302 805 335 850 ἔτι
358 804 381 849 dd
397 803 433 848 ναί
456 799 610 853 τάςπάντων
628 804 731 857 ἐννοίας,
753 803 926 863 ἀναμάρτητος,
948 802 977 857 ἀς
1001 807 1052 862 περί

54 892 56 896 ’
87 878 128 933 τῆς
144 874 287 935 προγνώσεως
297 870 376 919 αύτού
390 870 423 931 μη
436 870 515 926 ἀπλοῐς
530 873 706 933 ιλιαλαμβάνειν,
721 870 768 920 ἀλλ’
783 879 803 920 εί
819 873 916 922 ελύναται
931 874 987 923 ἀνευ
1002 877 1052 920 ἑτέ-

88 964 128 1006 ρας
144 939 276 1003 προφάοεως
291 942 426 990 ουνεοτάναι
438 939 511 990 αύτοὺ
525 942 540 1001 ἦ
556 941 689 1002 πρόγνωσις.
719 942 733 988 όί
748 940 790 1001 γάρ
806 948 827 989 οἱ
838 947 911 1002 ἰατροί
926 947 1051 1003 προλέγου-

88 1019 125 1063 σιν
130 1052 136 1075 ,
150 1012 344 1072 ὑποβεβλημένην
359 1011 419 1071 ύλην
434 1011 525 1074 ἐ’χοντες
538 1014 581 1059 τού
595 1014 721 1065 νοοούντος
732 1010 773 1059 τόν
791 1010 906 1070 οφογμόν,
919 1015 957 1060 ναί
971 1020 992 1061 οἱ
1004 1017 1049 1072 μὲν
1055 1031 1075 1066 10

88 1083 172 1145 πτηνά,
188 1078 370 1141 attestatae,
386 1085 423 1130 ναί
441 1081 505 1130 ἀλλον
521 1081 591 1134 ἀλλος
605 1081 663 1137 ὕλας
678 1079 764 1134 πολλάς
780 1081 902 1143 (λεωφόρους
915 1082 1050 1143 ἀποβεβλη-

73 1160 159 1219 Χμένας
173 1154 262 1218 ἔχοντες
277 1156 437 1214 προλέγουσιν,
452 1156 488 1201 ναί
503 1156 619 1213 προφῆται
633 1151 675 1201 ουίι
691 1156 754 1201 εἰσίν.
888 1151 890 1157 ’

143 1228 184 1271 XII.
216 1229 248 1272 Εἰ
264 1226 287 1272 dd
301 1226 431 1285 βουληθείη
445 1242 481 1275 τις
500 1226 580 1282 λέγειν,
595 1220 638 1283 τη“ν
652 1222 689 1271 dre?
705 1227 750 1270 των
765 1220 876 1272 τοιούτων
890 1222 1049 1284 προρρηόεων2

87 1301 115 1358 τῇ
129 1295 199 1347 όντως
217 1294 310 1355 ε’γιφύτφ
326 1294 451 1353 προγνώσει
467 1291 552 1352 όμοίαν
567 1296 637 1349 εἶναι,
659 1291 719 1340 πολύ
732 1291 856 1352 η’πάτηται.
891 1292 919 1339 τά
939 1293 982 1353 γείρ
1000 1313 1049 1341 τοι·

87 1369 148 1415 αύτα
162 1366 266 1424 παρόντα
281 1363 367 1424 μηνύει
380 1365 467 1424 μόνον,
487 1366 524 1410 ναί
545 1356 659 1411 ταύταεί
675 1361 793 1422 ἀληθεύει·
814 1363 884 1415 όίλλως
908 1366 932 1410 (λε’
951 1383 993 1422 μοι
1012 1368 1073 1413 uatis

86 1435 145 1484 ου’τά
160 1432 287 1498 εύχρηοτεῖ,
302 1431 430 1495 πρόγνωσιν
446 1431 488 1493 γάρ
504 1435 563 1481 εἶναι
578 1435 718 1493 ουνίοτηοιν·
736 1432 750 1491 ἦ
766 1434 790 1480 dt
805 1435 846 1480 τού
863 1432 937 1492 μόνον
950 1434 1050 1492 ιιαλολλη-

87 1510 148 1560 θοός
162 1507 287 1564 πρόγνωσις
302 1506 329 1553 ού
344 1503 420 1565 μόνον
433 1503 462 1552 cd
481 1501 585 1564 παρόντα
600 1506 720 1552 ἐπίσταται
729 1505 746 1559 3,
761 1501 819 1552 ἀλλά
835 1507 871 1552 ναί
885 1507 963 1567 μέχρις
978 1505 1050 1552 αὐτόν’

85 1579 209 1636 μέλλοντος
225 1579 306 1628 αἰῶνος
322 1575 452 1633 ἀπέραντον
467 1577 559 1622 ἐκτείνει
573 1572 615 1633 την
631 1576 786 1634 προφητείαν,
806 1577 843 1623 ναί
864 1572 958 1627 ονἰλενός
978 1577 1050 1627 deicae

86 1645 142 1704 πρός
157 1647 289 1705 ἐπίγνωσιν,
304 1643 360 1704 W
375 1644 525 1705 προφητεύων
541 1643 634 1705 ἀμαορά
651 1645 688 1692 ταί
704 1643 836 1704 ἀμφίβολα,
852 1652 891 1693 ἵνα
907 1645 977 1694 ἀλλον
992 1664 1050 1704 προ-

85 1713 159 1774 φήτου
174 1717 252 1776 χρείαν
267 1721 306 1777 ἔχη
326 1715 353 1761 τοί
377 1715 488 1773 λεγόμενα
509 1712 565 1773 πρός
578 1718 717 1778 ἐπίγνωσιν,
737 1712 794 1763 ἀλλά
819 1716 894 1777 ῥητελ5
919 1718 956 1763 ναί
978 1714 1075 1770 delecto

84 1856 178 1899 hatioues
185 1856 241 1899 dare.
256 1855 328 1897 Omnia
336 1855 410 1910 quippe
418 1854 534 1909 Scripturas
540 1855 618 1898 dieunt:
627 1867 654 1898 ne
663 1855 716 1899 ullus
722 1868 801 1913 eorum,
810 1857 845 1911 qui
852 1857 933 1912 ingrate
939 1863 1046 1914 quaerunt,

84 1928 174 1970 inueniat
187 1927 305 1982 ueritatem,
321 1925 357 1969 sed
371 1926 461 1968 inueniat
475 1926 531 1980 quod
547 1926 612 1981 eupit;
627 1927 714 1968 ueritate
729 1928 793 1981 gratis
804 1926 920 1971 hominihus
932 1934 1045 1971 reservata.

84 1990 190 2041 Gratitudo
201 2003 269 2040 autem
285 2003 323 2054 est,
342 2010 427 2042 servare
438 1998 543 2040 caritatem
553 2010 604 2053 erga
619 1986 667 2040 eum
681 1998 715 2052 qui
731 1987 831 2040 existendi
841 1998 900 2040 nobis
916 2004 988 2041 auctor
1003 1998 1046 2041 fuit

140 2069 175 2113 ΧΙ.
205 2069 262 2111 Unde
277 2074 324 2112 ante
341 2069 408 2112 omnia
423 2068 477 2112 scire
493 2073 585 2123 oportet,
601 2080 644 2111 non
654 2068 736 2111 aliunde
750 2069 839 2111 inveniri
852 2069 969 2126 veritatem,
985 2081 1045 2124 quam

83 2140 202 2183 averitatis
216 2139 323 2194 propheta.
360 2138 461 2193 Propheta
481 2144 549 2182 autem
564 2151 628 2182 verus
643 2140 660 2183 is
677 2144 718 2196 est,
736 2140 771 2194 qui
786 2140 854 2182 omnia
870 2141 963 2197 omnino,
984 2145 1072 2196 atqueas

83 2213 143 2255 etiam
159 2216 281 2254 cunctorum
295 2210 431 2265 cogitationes
446 2210 512 2264 novit,
529 2214 602 2264 estque
615 2210 767 2265 impeccabilis,
787 2215 810 2252 ut
826 2211 860 2264 qui
876 2211 902 2253 de
917 2212 955 2253 Dei
967 2211 1045 2267 Judicio

83 2283 108 2326 sit
123 2282 254 2325 certissimus.
290 2281 393 2330 Quocirca
413 2292 452 2322 nos
475 2279 574 2322 debemus
595 2280 621 2321 de
641 2281 686 2335 eJ'us
709 2282 846 2334 praescientia
866 2295 908 2324 non
930 2283 1046 2338 simpliciter

79 2353 183 2408 judicare,
201 2352 238 2394 sed
254 2351 271 2395 si
286 2352 364 2407 absque
380 2350 417 2392 alia
432 2361 494 2392 causa
510 2349 625 2392 consistere
641 2354 710 2403 potest
721 2351 858 2403 praescientia
873 2353 942 2406 ipsius.
974 2354 1045 2402 Quae-

82 2423 128 2465 dam
144 2423 197 2476 enim
212 2422 333 2477 praedicunt
348 2420 431 2476 medici,
448 2421 495 2475 quia
511 2419 623 2475 subjectam
641 2420 748 2462 materiam
763 2420 841 2464 liabent
855 2424 983 2477 aegrotantis
997 2424 1045 2477 pul-

82 2506 136 2546 sum3
151 2494 199 2536 item
217 2494 249 2536 alii
265 2506 324 2550 ares,
340 2492 372 2535 alii
387 2492 490 2547 victimas,
509 2491 542 2532 alii
557 2491 606 2534 alias
622 2492 695 2533 multas
709 2497 729 2533 et
745 2492 813 2535 varias
829 2495 925 2537 materias
941 2496 1070 2551 sth'ectasso

82 2566 128 2607 dum
143 2564 228 2620 habent,
243 2564 374 2620 praedicunt,
390 2576 428 2605 nec
444 2569 491 2605 sunt
505 2562 626 2617 prophetae.

138 2635 179 2678 Xll.
210 2635 271 2684 Quod
290 2636 368 2691 siquis
390 2632 750 2689 dicerevoluerit,praescientiam
773 2646 811 2687 per
833 2634 871 2678 has
893 2635 1042 2690 praedictiones

80 2707 164 2749 similem
180 2713 227 2749 esse
242 2708 393 2760 praescientiae
408 2718 470 2748 verae
487 2710 508 2747 et
523 2706 615 2759 nativae,
631 2704 715 2745 multum
731 2703 812 2748 fallitur.
847 2706 894 2748 lllae
911 2707 963 2749 enim
978 2716 1041 2759 prae-

81 2777 146 2820 sentia
161 2782 239 2819 tantum
254 2776 356 2834 indicant,
371 2777 433 2832 idque
449 2777 465 2820 si
480 2788 568 2818 veraces
583 2775 664 2818 fuerint.
681 2788 684 2794 ’
704 2773 764 2830 (Quin
787 2782 808 2819 et
830 2777 878 2819 mihi
894 2791 930 2820 eae
946 2781 1041 2830 prosunt:

81 2846 222 2891 demonstrant
238 2847 291 2889 enim
306 2860 353 2892 esse
368 2845 540 2903 praescientiam.)
570 2846 597 2888 Αι
610 2846 681 2902 illins,
691 2847 726 2900 qui
742 2847 799 2890 solus
816 2854 837 2891 et
850 2861 912 2891 uerus
925 2852 960 2902 est,
976 2854 1068 2901 prae-35

80 2919 165 2960 scientia
180 2930 221 2960 non
236 2918 302 2960 solum
317 2920 435 2972 praesentia
451 2919 570 2974 cognoscit,
595 2916 669 2959 sedet
690 2916 715 2957 ad
736 2917 828 2959 futurum
850 2931 915 2972 usque
936 2918 1042 2960 saeculum

79 2988 176 3048 infinitam
192 2988 282 3030 extendit
297 2988 437 3042 proplietiamz
457 3002 496 3031 nec
511 2989 552 3030 ullo
568 2986 647 3039 indiget
661 2990 684 3026 ut
699 2987 834 3043 intelligatur,
856 3000 895 3028 nec
916 2986 1006 3031 obscura
1023 2995 1043 3031 et

80 3057 140 3100 dubia
155 3058 265 3115 praedicit,
287 3059 315 3100 ita
335 3064 357 3101 ut
372 3060 437 3102 verba
450 3060 511 3103 alium
525 3055 647 3113 proplietam
663 3056 747 3111 exigant
762 3058 903 3111 interpretem,
927 3058 965 3100 sed
987 3059 1042 3101 clara

111 3158 129 3195 1.
158 3151 193 3207 την
211 3156 230 3195 C.
604 3154 623 3191 4.
653 3154 680 3191 Ita
695 3155 721 3203 D,
736 3149 770 3192 καί
785 3155 798 3190 G
814 3153 834 3191 0.

108 3218 127 3253 2.
158 3214 226 3262 Dlegi
242 3215 280 3252 vult
294 3208 412 3269 πρόρρησιν.
428 3214 490 3252 Recte.
606 3213 625 3248 5.
656 3209 707 3264 ῥητα
721 3214 747 3259 l),
762 3206 839 3264 όίρρητα
855 3210 869 3249 C
885 3211 906 3250 Ο.
942 3212 973 3251 Sic
994 3212 1041 3251 infra

112 3275 131 3310 3.
162 3269 304 3324 εἰιίοτηταιὈ.
518 3316 521 3321 Δ
576 3281 591 3307 ο.
609 3274 646 3309 26:
663 3265 714 3323 ῥητοί
729 3266 861 3323 προφητεύει,
878 3269 933 3323 σαφῆ
949 3268 1006 3324 λέγει.

801 3342 836 3387 6*
