2276 3612
86 216 108 265 X,
126 216 188 255 5—7.
543 212 587 256 21ss

87 330 174 375 ἑαντάν
190 331 267 390 βλάβγ
282 332 373 380 ἔσεσθε,
388 328 442 385 λέγω
458 327 481 374 δὲ
497 329 613 388 δαιμόνων
629 332 665 378 καλ
681 326 828 385 παθιγμάτων
844 327 881 372 καλ
893 324 980 379 παντόιΙ
993 329 1050 387 οὶλγῑ
1086 372 1088 385 4

88 398 115 457 δή
130 418 176 447 τινι
191 401 265 458 τρόπῳ
279 398 393 457 βλάπτειν
411 398 556 457 δνναμένοικ

147 473 178 515 Vl.
210 467 370 527 Θαρσὴσαντες
386 462 429 513 ούν
444 465 555 525 πρόσιτε2
572 473 602 531 τῷ
619 472 679 530 Θεῷ,
698 473 718 515 οἱ
740 464 781 525 τὴν
802 464 871 529 ἀρχὴν
886 468 924 512 ἐπὶ
944 472 974 527 τῷ
989 467 1050 514 κιόν-

89 560 133 589 των
149 540 221 600 lippara
237 540 274 583 καὶ
288 536 398 596 κυριεύειν
413 541 575 598 γεγενημένοι,
594 548 618 589 oi‘
632 559 692 592 τινες
706 544 766 600 ἔχετε
781 534 850 583 αὐτοῦ
866 542 889 582 ἐν
904 539 949 593 μὲν
963 539 993 593 τῷ
1010 536 1051 583 σκλ-

65 630 146 668 apium
160 609 201 668 τήν
216 606 305 665 εἰκόνα,
330 606 451 665 &palasea
466 614 527 668 ἔχετε
551 616 575 658 ἐν
590 616 619 672 τῷ
644 614 674 671 νγ]
695 612 735 668 τῆς
749 604 841 667 γνώμαις
861 603 903 665 ‘llll’
919 603 1050 664 ὁμοιότητα·

90 682 137 727 ἐπεὶ
154 676 196 725 οὖν
213 677 302 737 ἀλόγοις
318 676 380 734 §doro
395 678 501 725 ἐοικόταὸ
519 682 645 740 πριλξαντες
660 688 683 728 ἐκ
697 682 738 739 τῆς
753 679 826 738 ψυχῆς
843 674 942 735 [δμάν]4
956 673 997 733 τήν
1013 674 1051 721 (ἰν.

90 748 185 808 δούπου
208 746 283 809 poppa
309 745 454 803 ἀπωλέσατε,
474 749 549 809 ὥσπερ
569 763 637 811 χοῖροι
659 749 778 810 γενόμενοι
800 745 914 806 δαιμόνων
936 746 1051 804 αἰτύμακα

89 823 199 878 ἐγένεσθε.
229 815 324 871 ἐάνοιλν
339 820 382 864 τού
400 820 461 865 Θεού
477 817 551 879 νόμον
568 817 709 878 ἀναδέξασθε
718 820 735 873 ⁵,
754 816 873 876 ἄνθρωποι
887 818 986 875 γίνεσθε.
1024 818 1052 866 ού

89 887 133 949 γάρ
148 889 196 936 οἷον
214 887 303 946 ἀλόγοις
323 891 386 935 ἔστιν
405 893 488 936 εἰπεῖν’
513 889 539 936 ού
561 889 688 949 φονεύσεις,
713 886 740 936 ού
762 884 902 948 μοιχεύσεις,
920 884 948 932 ού
965 889 1053 946 κλέψεις

66 962 129 1008 rotat
144 956 172 1005 τά
188 960 244 1016 ἑξῆς.
285 955 319 1003 διό
340 956 374 1016 μὴ
394 960 528 1018 φθονιλσιγτε
548 966 634 1010 ἑαντοῑς
650 964 681 1011 εἰς
696 958 738 1017 τὴν
758 958 849 1017 πρωτην
870 954 1054 1014 ἀνακαλούμενοι

91 1032 203 1076 εἰσελθεῖν
218 1023 359 1086 εύγένειανθ.
395 1028 494 1076 δννατδν
514 1029 558 1088 γδρ
579 1034 653 1083 ἐστιν,
675 1028 715 1075 εἰσὶν
734 1032 764 1089 τω
781 1031 829 1088 Θεῷ
846 1027 882 1075 διαὶ
896 1029 941 1073 τάν
959 1024 1054 1085 ἀγαθόν

93 1100 194 1157 πράξεων
208 1099 378 1155 ἐξομοιωθιξτεῗ.
408 1100 446 1144 καὶ
462 1097 498 1144 διά
514 1098 557 1158 τήν
572 1097 696 1159 ὁμοιότητα
712 1102 756 1146 νῑολ
766 1101 851 1145 ἐκεῖνον
861 1099 919 1145 εἶναι
935 1098 1054 1156 λογισθέν-

93 1189 130 1220 τες
145 1169 238 1214 πόντων
253 1168 362 1214 δεσπόται
379 1166 567 1227 ἀποκαταστῆναι
583 1167 715 1227 daupeinai.

150 1240 190 1282 Vll.
216 1236 335 1296 ’Ἁρξασδε
349 1232 393 1283 ούν
408 1234 554 1285 ἀποδύεσθαι
569 1241 614 1286 τάν
635 1241 704 1285 κενων
724 1237 818 1286 εἰδύλων
842 1236 895 1290 τούς
921 1240 1054 1295 ἑπιβλαβεῑς

69 1307 192 1369 ιεφόβονς,
208 1305 267 1358 ὅπως
282 1301 323 1364 τόν
339 1304 417 1352 ἀδικον
432 1306 519 1365 φύγητε
535 1310 651 1356 δουλείαν.
662 1307 781 1355 ’δεσπόται
795 1305 838 1367 γάρ
853 1306 975 1367 γεγόνασιν
989 1304 1055 1362 ύμάν

94 1385 185 1434 ἐκεῖνοι,
200 1382 222 1425 οἳ
233 1380 269 1424 καὶ
284 1380 318 1429 εἰς
333 1374 427 1427 δούλονς
442 1374 499 1434 ύμῖν
515 1377 622 1439 ἀχριγστοι
636 1377 794 1439 τνγχάνονσιν.
824 1380 878 1437 λέγω
893 1379 916 1424 δὲ
932 1378 983 1436 περὶ
999 1375 1056 1433 ύλγς

95 1452 139 1497 τάν
156 1446 250 1510 ἀψύχων
265 1445 403 1505 ἀγαλμάτων
418 1450 462 1493 τῶν
478 1449 538 1505 μηδὲ
553 1446 609 1506 πρός
624 1450 649 1495 τό
666 1448 780 1496 δουλεύειν
795 1449 851 1506 ύμῖν
867 1444 1056 1509 χρησιμενόντων.

96 1519 150 1567 οὕτε
164 1519 206 1577 γαρ
221 1515 310 1571 ἀκούει,
326 1514 379 1562 οὕτε
393 1518 487 1574 βλέπει,
502 1517 556 1565 odae
571 1517 722 1573 αἰοθάνεται,
743 1517 790 1565 ἀλλ’
807 1518 859 1565 ούδε
874 1515 940 1577 μύν8
959 1520 1057 1575 atandri·

98 1660 160 1704 modo
176 1659 242 1714 eritis,
266 1657 387 1700 daemonum
402 1657 484 1713 inquam
501 1663 521 1702 et
536 1660 656 1703 morborum
672 1660 779 1716 omnisque
794 1661 825 1703 rei
841 1672 894 1715 quae
911 1657 978 1716 aliquo
994 1658 1055 1701 modo

72 1737 167 1789 aopotest
181 1742 266 1773 noeere.

155 1802 186 1845 Vl.
218 1800 267 1843 Cum
282 1799 356 1842 fiducia
372 1812 423 1855 ergo
440 1801 466 1843 ad
480 1801 547 1843 Deum
562 1801 665 1858 accedite,
690 1803 724 1857 qui
738 1802 838 1857 principio
855 1802 880 1844 ad
896 1802 975 1845 eunetis
989 1802 1056 1857 impe-

97 1874 183 1919 randum
199 1879 220 1915 et
234 1870 378 1915 dominandum
392 1870 441 1913 laeti
456 1872 511 1914 estis.
543 1872 582 1920 Qui
597 1873 660 1927 ipsius
675 1872 732 1915 fertis
747 1873 768 1914 in
783 1885 872 1927 corpore
887 1873 1003 1928 imaginem,
1018 1884 1057 1926 pa-

97 1948 148 1991 riter
163 1944 233 1987 ieratis
248 1944 268 1985 in
283 1948 352 1985 niente
367 1944 482 1985 sententiae
498 1942 655 1986 similitudinem.
687 1944 786 1994 Quoniam
800 1944 862 1998 igitur
876 1943 976 1988 iacientes
988 1944 1059 1987 similia

99 2031 146 2061 oum
161 2016 226 2059 brutis
242 2014 375 2057 animantibus
392 2025 419 2055 ox
438 2014 505 2055 anima
523 2019 594 2057 vestra
615 2014 725 2056 humanam
744 2015 831 2056 animam
849 2014 974 2071 perdidistis,
994 2016 1059 2058 instar

73 2101 212 2145 25poroorunt
227 2085 295 2128 elleeti
310 2085 432 2127 daemonum
446 2084 496 2125 lauti
509 2083 575 2126 fuistis
589 2085 667 2139 petitio.
697 2084 768 2139 ltaque
783 2086 800 2127 si
814 2085 852 2127 Dei
867 2086 936 2141 legem
950 2086 1058 2140 receperi-

100 2162 136 2215 tis,
152 2159 204 2201 fietis
218 2156 319 2199 homines.
358 2154 431 2208 Neque
452 2155 506 2195 enirn
522 2155 586 2196 brutis
609 2155 742 2197 animantibus
759 2155 797 2196 diei
811 2160 887 2209 potest:
907 2168 949 2197 non
969 2156 1059 2211 occides,

100 2243 144 2274 non
159 2228 292 2283 adulterabis,
308 2238 350 2268 non
365 2225 467 2267 furaberis
484 2231 504 2266 et
519 2227 632 2280 sequentia.
663 2226 731 2275 Quare
747 2239 773 2268 ne
788 2227 848 2269 voltis
864 2227 977 2284 invideatis,
992 2232 1015 2268 ut
1033 2225 1059 2267 ad

100 2303 187 2357 primam
202 2298 294 2345 revocati
307 2297 413 2339 introeatis
429 2296 561 2338 nobilitatem.
591 2297 645 2339 Fieri
661 2298 714 2339 enim
728 2296 748 2338 id
763 2302 840 2353 potest,
862 2298 878 2340 si
893 2298 938 2340 Deo
953 2296 1059 2352 perbona

103 2385 168 2428 opera
184 2370 258 2414 similos
273 2367 393 2410 efficiamini.
423 2366 449 2409 Et
464 2379 501 2421 per
516 2367 665 2410 similitudinem
681 2368 715 2410 lilii
731 2369 774 2422 ejus
792 2379 839 2410 esse
854 2370 953 2424 reputati,
976 2368 997 2409 in
1018 2369 1059 2409 do-

78 2461 97 2497 ις
103 2445 187 2486 minium
202 2445 322 2482 curiatorum
336 2438 416 2481 restitui
430 2439 530 2493 poteritis.

162 2512 201 2555 Vll.
230 2511 313 2565 tricipite
328 2521 379 2565 ergo
396 2509 501 2564 deponere
516 2522 618 2552 vanorum
633 2509 736 2551 idolorum
751 2510 826 2552 noxios
840 2515 918 2567 metus,
933 2516 956 2554 ut
970 2512 1060 2566 iniquam

105 2584 207 2640 effugiatis
222 2582 344 2625 seruitutem.
374 2580 456 2622 Domini
469 2593 559 2635 namque
574 2581 637 2622 vestri
652 2579 700 2622 facti
716 2584 763 2622 sunt
776 2579 813 2635 illi,
830 2582 864 2635 qui
879 2586 900 2624 et
915 2582 940 2623 ad
955 2583 1060 2625 servitium

105 2657 165 2701 voltis
180 2655 266 2697 luissent
280 2652 366 2695 inutiles.
396 2651 481 2705 Loquor
504 2657 571 2694 nartem
594 2651 620 2693 de
639 2650 724 2692 materia
745 2651 877 2693 inanimorum
900 2652 1060 2707 simulacrorum,

107 2740 161 2784 quaa
176 2738 203 2769 ne
220 2725 246 2767 ad
260 2723 389 2769 serviendum
405 2723 487 2779 quidem
504 2723 564 2766 votis
579 2723 625 2765 usui
642 2734 689 2766 esse
704 2727 796 2775 possunt.
825 2722 875 2765 Nam
887 2735 956 2779 neque
971 2724 1061 2780 audiunt,

138 2874 156 2909 l.
188 2862 239 2919 δῦ·
628 2868 647 2902 4.
678 2862 791 2915 riopoppa
810 2877 828 2914 λ’
850 2863 884 2915 ape
906 2863 981 2917 ψυχῆς
998 2860 1061 2915 ὑμῶν]

138 2935 157 2970 2,
186 2930 213 2967 lta
229 2928 243 2965 0
260 2930 278 2965 el
293 2924 307 2963 O
323 2937 345 2963 ox
366 2927 453 2976 conjeci„
475 2926 499 2966 id¹
514 2938 574 2978 προς·
599 2923 667 2961 [tsine
682 2923 752 2962 lacuna

110 2993 147 3030 aiae
161 2989 180 3027 in
195 2993 251 3026 texto.
629 2985 646 3021 5.
676 2976 837 3028 deportandam

139 3052 158 3088 3.
187 3048 214 3086 lta
233 3046 281 3093 οοκ]Ι
306 3044 329 3091 Ο,
350 3045 384 3092 cuj.
405 3049 463 3082 textus
487 3039 573 3088 ἐοίκατε,
629 3045 646 3079 6.
677 3034 764 3090 ἀγένειαν
780 3041 800 3078 O,

110 3115 130 3146 ot
154 3108 174 3145 0.
190 3108 214 3145 S:
235 3107 292 3143 Porro
316 3101 338 3144 ἐκ
359 3102 420 3141 addidi
441 3105 463 3141 de
488 3104 575 3151 conjeci,
630 3102 648 3136 7.
679 3095 808 3151 ἐξομοιοδῆτι
824 3099 845 3137 0.

112 3179 164 3215 quum
179 3166 245 3204 nullum
260 3164 308 3202 aliud
323 3162 423 3201 rotriedium
442 3163 523 3202 invenire
538 3172 574 3211 po·
629 3160 660 3197 8.“
678 3153 713 3208 μὲν
728 3159 748 3196 Gl
763 3164 782 3197 et
796 3160 820 3208 S,
836 3157 866 3205 qui
882 3157 919 3205 legi
935 3157 972 3195 vult
986 3151 1023 3207 pla
1036 3176 1062 3183 —

113 3225 192 3265 tuissent.
209 3225 222 3263 G
238 3224 322 3263 eiiiendat
337 3221 360 3274 τῇ
375 3220 435 3275 ψυχῇ.
600 3219 706 3266 conjectura
726 3230 754 3268 op.
771 3219 785 3256 G
804 3219 842 3266 jani
861 3215 891 3254 diu
911 3227 1009 3266 expressa,
1031 3227 1062 3253 ao-
