2276 3612
99 210 129 261 iu,
145 212 164 250 ε.
182 214 204 251 ο.
560 211 602 259 234

155 327 205 374 VIII
235 323 308 377 ’Λλλοί
328 322 424 384 τιίιιῙ’
410 324 487 387 αρχιίν
496 330 543 375 ede
556 330 650 389 ποιησαι
666 350 692 419 ηρ
694 332 728 382 τοῖς
743 328 838 414 pupdd‘i
816 349 827 375 ο
838 349 871 382 ,ας
886 334 936 389 περὶ
952 331 1060 381 τοιούτων

97 398 277 454 ένθιιμεῑσθαιῖ.
308 399 381 442 ταῦτα
401 399 541 458 λέγοντες’
527 412 629 458 αγνοεῑτε
648 404 670 449 τί
692 407 737 448 εὀτι
752 399 777 446 ed
793 396 949 456 αὐτεξούσιον,
964 406 999 450 ναί
1016 407 1062 457 πολε

97 466 196 514 ιίονατόν
216 473 276 513 εὀτιν
296 465 402 524 οἷγαθούς
422 469 452 527 τῷ
472 467 522 515 ὄντι
544 472 611 517 εἶναι
646 472 680 518 ὅτι
696 492 707 518 ο
702 471 767 529 ἷύίοι
783 473 910 530 προαιρέσει
925 469 956 517 de
971 469 1060 556 αγαθος

98 534 168 587 ὄντος
186 534 305 595 ἀγαθός’
295 555 367 621 εοτιγ,
390 538 402 583 o‘
426 540 485 585 dt‘
469 538 509 598 αφ’
530 542 606 615 ἑτέρον
621 541 728 632 α’νολγνη5
748 537 837 600 οίγαθος
852 542 976 606 γενόμενος
992 542 1061 596 ὅντως

72 603 139 651 tadu
161 611 235 662 ἐστιν,
256 606 291 653 ὅτι
312 607 346 667 pm}
367 610 414 671 ldie
434 610 565 669 προαιρέσει
581 615 642 659 ἐστίν
666 613 677 658 ὅ
698 617 765 660 εὀτιν
802 614 849 658 ἐπεὶ
862 608 908 658 σύν
924 630 949 658 το
965 612 1060 661 eudemo

95 673 216 736 ἐλεύθερον
232 679 338 726 οἶποτελεῐ
352 699 377 727 το
393 681 463 733 ὄντας
479 680 580 742 οίγαθὸν,
595 704 632 732 ναι
647 682 740 731 ιλειιινύει
756 680 781 728 τὸ
796 682 865 733 ὄντας
878 683 956 736 κακόν,
971 688 995 729 έν
1007 685 1060 730 ἑτοί-

95 765 137 807 οτῳ
157 751 267 806 γενέσθαι
285 749 369 811 ἐχθρὸν
387 749 406 810 ἢ
427 753 495 811 φίλον
515 751 551 799 dtu*
572 757 617 800 τῶν
635 751 767 799 τίποθέοεοιν
788 752 800 798 ύ
821 751 878 804 Θεὸς
894 752 1060 813 ε’μηγανηοατο.

94 816 132 873 ού,
153 838 236 878 φησιν,
257 818 313 868 dudd
335 824 384 867 ποῖν
400 822 412 868 ὃ
426 822 608 880 ε’νθνμούμεθα,
630 820 698 874 αύτύς
716 819 777 879 ἡμᾶς
793 834 855 869 ποιεῖ
869 833 938 869 νοεῖν.
969 819 1060 869 παύσα-

93 896 151 935 οθε·
174 894 195 937 τί
211 895 289 939 πλεῖον
306 896 464 953 βλασφημεῖτε
480 899 500 940 οἱ
516 895 584 940 τούτο
600 896 717 952 λέγοντεςς
734 897 754 938 εἰ
768 892 811 952 γιίρ
829 893 876 939 meio
893 893 941 939 ὅτι
958 891 1006 940 ἰίνί
1021 899 1058 940 ἐν·

71 965 252 1021 1οθνμηθσιμεν,
267 960 306 1010 εἶπ’
323 962 394 1010 σύτού
409 960 575 1023 ε’νεργούμεθα,
592 959 664 1009 adeda
679 965 753 1010 αἴτιον
769 965 844 1022 λέγετε
858 965 978 1022 πορνειολν,
993 962 1059 1009 deat-

94 1036 170 1091 γειοῖν,
194 1036 331 1088 πλεονεξιῶν
352 1037 387 1081 ναί
410 1035 484 1092 ποῖσης
503 1035 659 1093 βλασφημίας.
698 1033 821 1080 παύσασθε
842 1036 1023 1093 ύνοφημούντες,
1039 1039 1060 1079 οἱ

94 1102 206 1161 εὐφημεῖν
227 1106 263 1151 uui
286 1109 363 1151 πεῖσαν
383 1103 455 1161 τιμην
476 1105 540 1163 αύτῷΙ
556 1101 683 1161 ολπονέμειν
705 1102 840 1162 ὀφείλοντες.
871 1109 907 1153 ταί
922 1102 956 1161 μη
971 1106 1058 1162 λέγετε·

94 1172 136 1220 ουίι
158 1176 308 1230 έπιύιαιίζεται
330 1174 341 1222 ύ
364 1175 416 1224 θεὸς
434 1178 509 1233 τιμης.
540 1177 560 1219 εἰ
574 1171 617 1233 γείρ
638 1170 708 1224 αύτύς
724 1170 815 1225 ούύενύς
831 1175 994 1229 έπιύινιίζειαι,
1010 1171 1057 1220 οίλλ’

93 1240 137 1290 σύν
151 1263 177 1302 γε
191 1242 254 1302 ύμολς
270 1248 334 1306 ε’γρῆν
351 1251 383 1297 εἰς
398 1245 422 1292 τύ
439 1246 527 1292 δίκαιον
544 1243 676 1302 οίφορώντας
691 1242 732 1290 τὸν
748 1250 772 1290 ἐν
789 1247 860 1293 ποίοιν
874 1244 954 1306 ύμοῖς5
969 1239 1058 1301 εύεργε-

70 1313 197 1372 1ὓτηοαντα
213 1311 334 1377 εύγαρίοτφ
351 1313 500 1373 ἀμείψασθαι
519 1316 591 1375 φοινη.

150 1385 184 1429 ΙΧ,
215 1381 294 1439 Ἀλλιί,
315 1388 383 1445 φησίν
390 1420 396 1439 ,
421 1395 521 1442 ιιρεῖττσν
537 1385 665 1441 ποιούμεν,
686 1384 735 1442 ὁίμα
752 1382 812 1446 αὕτη]
828 1387 862 1432 ναί
879 1386 950 1432 ποίοιν
966 1383 1057 1446 εύγοιρι-

92 1455 207 1505 οτούντες.
237 1450 293 1500 οἷλλοί
317 1457 392 1502 eumue
411 1457 515 1513 λέγοντες
536 1452 577 1501 σύν
594 1457 641 1501 ἴστε
657 1453 698 1512 τὴν
715 1450 998 1514 ποθ’ύμιύνέπιβονλην.
1028 1450 1057 1506 οἷς

90 1525 142 1585 γαρ,
157 1524 246 1572 ὁπόταν
262 1532 303 1572 ἕνα
318 1524 437 1582 νύμνοντα
454 1528 532 1572 πολλοὶ
548 1528 622 1583 ἰατροί
637 1523 778 1584 θεραπεύειν
792 1524 994 1583 ἐπαγγέλλονται6
1009 1543 1056 1583 μη-

152 1666 201 1710 VIII.
231 1668 258 1710 At
273 1668 329 1710 Deus
345 1667 444 1721 principio
461 1667 571 1721 oportebat
586 1666 680 1722 efficere,
695 1672 717 1709 ut
732 1667 848 1709 nullatenus
863 1667 889 1709 de
905 1667 978 1709 tatibus
994 1668 1056 1722 eogi—
1132 1708 1136 1721 p

68 1741 190 1780 aotaremus.
225 1738 283 1780 Haeo
298 1738 391 1780 dteemtes
407 1738 506 1792 ignoratis
514 1770 519 1793 ‚
536 1737 585 1792 quid
598 1739 623 1781 sit
638 1738 721 1781 libertas
737 1738 814 1780 arbitrii
822 1771 827 1793 ‚
844 1745 864 1781 et
880 1752 920 1794 quu
934 1740 1015 1782 ratione
1030 1741 1056 1782 sit
1104 1761 1106 1764 .
1131 1727 1134 1767 ί

91 1808 189 1861 possibile
204 1821 255 1850 vere
270 1808 338 1850 boues
355 1821 408 1851 esse.
440 1808 491 1857 Quia
508 1809 542 1863 qui
557 1820 596 1851 suo
612 1810 718 1863 proposito
735 1809 803 1851 bouus
819 1815 858 1862 est,
873 1823 924 1852 vere
939 1811 1055 1865 estimem,
1132 1801 1135 1811 ’

92 1880 196 1934 quivero
218 1880 242 1921 ah
264 1880 304 1921 aiio
324 1885 408 1921 coaetus
425 1880 447 1921 fu
461 1880 540 1933 bouus,
563 1892 614 1921 uere
629 1892 672 1921 mou
688 1885 725 1934 est,
742 1881 837 1933 quoniam
852 1893 895 1923 nou
911 1881 994 1935 propria
1009 1880 1056 1922 ele-

91 1951 159 1992 ctione
174 1945 211 1992 'est
232 1949 288 2004 quod
310 1956 347 1992 est.
386 1948 437 1991 Cum
453 1962 504 2004 ergo
521 1950 683 2004 uuiuscujusque
698 1951 782 1993 libertas
797 1950 890 2005 perficiat
905 1963 957 1992 vere
971 1951 1055 2005 bouum,

91 2026 112 2062 et
126 2033 178 2063 vere
192 2021 267 2062 matum
283 2026 399 2075 perpetret,
415 2021 435 2061 in
451 2032 580 2074 unoquoque
596 2020 641 2061 fieri
658 2021 713 2074 quod
728 2020 831 2062 inimicum
847 2022 880 2063 veI
897 2021 952 2076 quod
968 2023 1055 2063 amioum

66 2096 129 2146 uuest,
144 2102 182 2144 per
197 2104 267 2133 rerum
284 2104 412 2145 operumque
429 2091 552 2133 oeeasioues
567 2091 647 2132 molitus
664 2096 696 2132 est
709 2091 773 2135 Deus.
793 2092 844 2147 Nou,
859 2093 930 2147 iuquit,
946 2092 983 2135 sed
993 2092 1054 2147 quid-

91 2161 139 2215 quid
157 2163 272 2216 cogitamus
289 2164 342 2216 ‘ipse
362 2174 402 2205 uos
417 2162 466 2204 fauit
481 2163 581 2217 cogitare.
611 2161 710 2203 Desinite.
745 2160 786 2203 Gur
802 2162 887 2216 amplius
903 2162 1054 2218 blasphematis,

90 2234 125 2287 qui
140 2233 181 2274 hoe
198 2233 280 2275 dicitis?
311 2232 332 2276 Si
347 2233 401 2274 euim
416 2245 483 2287 omne,
500 2233 556 2287 quod
572 2233 693 2288 cogitamus,
709 2232 734 2274 ab
750 2232 794 2285 ipso
811 2234 873 2273 menti
889 2237 973 2274 nostrae
988 2233 1055 2286 inspi-

90 2308 158 2357 ratur,
179 2304 244 2356 ipsum
261 2303 326 2346 dieitis
343 2315 426 2346 eausam
441 2304 611 2358 fornicatmuum,
627 2303 743 2358 diuiduum,
759 2302 857 2344 avaritiae
873 2303 981 2356 omnisque
997 2302 1054 2345 bias-

89 2373 191 2427 phemiae
227 2374 298 2416 Cessat
291 2379 311 2415 te
324 2374 461 2430 malediee1e‚
478 2375 513 2429 qui
528 2373 607 2416 dehetis
623 2373 749 2414 benedicete
757 2375 841 2427 ,eique
857 2385 938 2414 omnem
954 2374 1018 2428 impet
1020 2374 1053 2415 tiri

65 2444 199 2487 eohonorem.
230 2443 274 2485 Neo
293 2444 376 2487 dicatis:
398 2446 453 2488 Deus
472 2446 554 2488 hououe
570 2457 614 2486 uon
629 2444 662 2485 iud
665 2445 725 2499 iget·
749 2405 845 2492 delenitis
862 2445 913 2485 emm
930 2444 963 2486 ilie
978 2444 1053 2487 nuliius

90 2516 214 2570 indigesta
217 2521 293 2557 ttmneu
308 2516 413 2569 debuistis,
428 2517 560 2572 respuendo
576 2527 636 2570 aequi
638 2521 707 2569 atem
724 2526 770 2555 eum
775 2514 831 2569 7qui
847 2516 941 2557 ommbus
958 2528 996 2559 vos
1012 2528 1051 2557 eu-

89 2588 173 2630 muIavit
189 2588 300 2644 benefieiis,
317 2595 375 2643 gruta
389 2589 519 2630 remunerari
534 2598 595 2629 voce.

146 2658 180 2700 IX.
212 2658 258 2713 Sed,
274 2660 344 2715 iuquit,
360 2660 432 2703 meltus
448 2659 545 2712 facimus,
563 2657 597 2711 qui
613 2656 632 2697 ei
647 2656 784 2709 omnibusque
800 2656 857 2697 simul
874 2656 950 2711 gratias
966 2657 1052 2712 agiiuus.

89 2730 165 2772 Verum
185 2728 238 2771 haee
258 2729 344 2773 dicendo
368 2743 409 2773 mou
430 2730 542 2783 intelligitis
564 2732 652 2769 structas
672 2727 730 2768 vohis
751 2727 840 2770 insidias.
876 2728 1052 2777 Quemadmodum

63 2802 149 2857 atenim,
166 2800 249 2855 quaudo
265 2813 327 2842 uuum
341 2814 426 2857 aegrum
441 2800 498 2843 multi
513 2798 596 2854 medIei²
612 2798 646 2852 qui
661 2797 710 2839 nihii
725 2800 955 2854 possunt,p1·omittuut
970 2812 1051 2856 curare,

121 2936 139 2972 1.
170 2927 215 2971 ἀλλ’
236 2926 259 2971 ού
273 2931 294 2982 Ο,
313 2933 342 2981 qui
351 2932 422 2981 siguum
431 2929 560 2982 interrogandi
615 2931 633 2967 5.
663 2925 727 2974 tuot,
742 2921 794 2976 ἡμᾶς
810 2927 824 2966 0
841 2940 857 2965 0Δ
874 2927 894 2967 C,
914 2927 970 2967 fidem
983 2929 1050 2968 deiude

90 2994 145 3031 hebet
161 2996 205 3041 post
220 2986 280 3043 ἡμᾶς,
584 2985 646 3026 πᾶσιν
661 2981 720 3036 ἡμᾶς,
737 2985 756 3023 cl
770 2986 831 3026 πᾶσιν
846 2982 904 3037 ὑμᾶς.

119 3056 137 3090 2.
168 3047 288 3100 ἐνθυμεῖσθε
305 3049 326 3088 O.
615 3051 633 3085 6.
663 3045 689 3082 Itu
705 3043 719 3081 O
736 3056 751 3082 ο.
768 3047 786 3094 S,
802 3043 957 3096 ἐπαγγέλλονται
966 3047 985 3084 C.
1006 3048 1051 3085 Ροε-

119 3113 138 3148 3.
168 3111 194 3148 Ita
210 3110 228 3159 S,
244 3105 334 3162 ἀνάγκης
350 3108 363 3147 C
380 3108 401 3148 Ο.
584 3104 657 3142 tieulum
672 3100 695 3141 od
708 3115 747 3153 seq.
763 3104 858 3153 utriusque
872 3105 924 3145 Hom.
942 3107 999 3145 Godd.
1017 3119 1050 3144 au-

119 3171 138 3206 4.
168 3164 193 3207 ἂν
215 3169 282 3209 excidit
304 3166 559 3217 exut1·aqueCle1·ieiedi-
584 3163 660 3202 etoritus
676 3167 745 3202 tuetur:
773 3167 886 3214 quapropter
907 3176 943 3203 uon
965 3166 1049 3215 delenda,

90 3227 141 3267 ttoue
157 3232 174 3266 et
189 3239 217 3277 ap.
234 3230 253 3269 s.
583 3228 602 3262 ut
618 3227 681 3262 eeuset
697 3223 716 3261 S.
