2276 3612
568 261 608 308 ιω
976 256 997 309 v
1013 256 1031 296 ι
1048 257 1068 294 ι.

106 374 177 425 ἀλλ”
167 379 233 439 εχρην
249 398 284 438 οι,
307 376 323 425 ὦ
342 379 434 457 τέκνον,
455 375 588 430 scde'ncr,“
576 394 611 421 οτι
628 396 660 435 μη
681 377 778 424 conadae
800 373 866 432 περλ
873 370 934 418 θεῶν
956 367 1062 450 ιγρονιόν1

105 453 214 534 ἔγραφον,
231 447 287 495 όλλαλ
303 467 386 507 οτοργη
403 447 431 507 τη
450 444 506 503 πρός
521 464 544 492 οε
559 443 587 492 ταλ
603 444 677 505 αλληθη
693 449 766 507 λέγειν
787 438 981 504 αλπεαραπτόμην,
1003 435 1062 497 όπερ

105 521 125 564 εἰ
139 517 183 563 νόν
199 520 298 573 ἐθέλεις,
313 513 367 574 ττοιρΙ
382 516 439 573 ἐμοῦ
453 511 557 562 όαονοον

161 588 183 633 Π.
217 591 268 637 Τόν
284 589 356 635 πόλοι
372 584 461 644 decania
476 589 498 631 οἱ
514 583 647 643 σοφώτατοι,
663 589 739 633 πόσον
750 582 864 646 οἲλήθειαν
875 577 943 628 αότόι
937 574 1062 640 ααμότῳῖ

104 657 280 717 μεμαθηκότες,
296 655 348 708 τοός
364 657 469 709 α’ναξιόνς
485 658 521 701 οιαὶ
537 655 569 714 μη
586 653 733 712 ὀρεγομένους
749 653 824 701 θείων
840 651 989 712 μαθημάτων
1004 646 1061 695 εἷπε·
1082 657 1091 690 h

105 726 223 786 ιιρόψαντα
239 727 279 788 την
295 726 425 787 ἐπιστήμην
440 729 526 786 λαβεῖν.
560 724 612 771 οὔτε
626 722 669 783 γολρ
685 722 722 770 ἀπ’
741 724 849 783 Οὐρανού
868 724 904 768 nui
920 723 961 780 της
975 718 1063 780 μητρός

105 795 177 845 adeor]
192 801 238 858 Γῆς
252 795 359 858 γεγόνασι
375 795 563 851 ποῖιλεςιλιόῖλεαα,
578 791 607 848 οἷς
621 793 633 840 ό
648 792 728 853 μιλθος
745 802 892 851 καταριθμεῖ1
910 792 1001 849 ἄρρενες
1016 794 1062 848 μὲν

103 866 225 926 Ὠκεανός,
242 870 323 923 Κοῖος,
340 870 433 927 Κρῖοςό,
449 868 562 925 Τπερίων,
575 862 693 920 Ιαπετός,
714 863 814 923 Κρόνος·
838 863 986 921 catenarius
1007 859 1063 915 Θεό,

106 939 189 995 Θέμις,
205 937 364 997 Μνημοσύνη,
379 937 498 998 Δημήτηρ,
518 936 623 1021 Τηθύς,
625 935 696 982 Ῥέα
719 934 773 983 αότε
788 953 817 993 τη
810 935 849 986 εξ
859 929 1062 993 αὸαμαντοςαρπη

105 1004 133 1054 nd
156 1008 227 1054 αἰιλοῖα
249 1006 338 1066 Κρόνος
358 1008 468 1068 Ου’ρανοό
490 1011 532 1055 τοῦ
551 1003 637 1066 πατρός
647 1006 770 1087 εἰιτεμιόν,
790 1024 818 1055 ως
839 1022 908 1086 poce,
929 1007 961 1054 εἰς
982 997 1089 1061 βαθανίθ

106 1077 240 1135 ἀπέρριψεν
263 1078 310 1126 dtt’
330 1075 382 1125 οιιίλ
402 1083 424 1124 dn
445 1080 484 1137 της
506 1075 625 1135 αἷποτομης
644 1077 684 1123 τοι]
706 1073 816 1156 Οόρανοῦ
837 1074 953 1133 οταγόνων
972 1075 1062 1133 ῥαὲντος

105 1144 231 1207 αλματοςη
246 1148 396 1208 Ἀφροδίτη
387 1151 481 1207 εγὲνετο
511 1143 558 1194 οιιιλ1
574 1167 603 1194 αα
597 1143 709 1205 Κρόνος
725 1148 753 1205 τη
768 1141 824 1204 Ῥέη
838 1146 912 1203 μιγεὶς
932 1145 967 1190 aci
982 1141 1063 1223 γεννη-

106 1236 147 1287 οας
159 1216 282 1265 Πλαντωνα
299 1222 387 1276 πρῶτον
403 1220 517 1271 κατέπιεν,
533 1215 587 1264 droc'
587 1236 638 1282 τινα
655 1216 802 1298 Προμηθέως
812 1212 902 1274 θεσμόν
917 1213 1002 1268 dedicta,
1016 1211 1063 1272 μη-

105 1305 160 1333 ποτε
173 1292 325 1347 γεννηθὲν’Ε
304 1309 324 1342 ε,
340 1288 413 1335 utnon
405 1289 520 1348 βρέφος,
534 1286 695 1350 γενναιότερον
708 1283 780 1332 αὐτοῦ
797 1284 936 1369 γενόμενον,
951 1282 1063 1371 αἶηεληται

105 1353 174 1403 adada
190 1361 229 1416 της
244 1359 385 1417 βασιλείαςὸ.
425 1354 453 1404 od
468 1357 507 1405 τόν
523 1358 654 1403 Πασειιλωνα
670 1354 775 1435 θειότερον
794 1373 906 1437 γεννηοας
921 1354 1004 1414 όμοιως
1020 1374 1063 1400 αα-
1049 1364 1089 1399 -15

105 1429 189 1472 τὲπιεν.
224 1427 252 1473 οὐ
266 1424 325 1485 μεταλ
340 1423 476 1479 τοότοιις
452 1444 492 1473 τον
508 1428 550 1473 Δία
566 1421 747 1485 γεννηθέντα
734 1445 747 1482 η
770 1443 845 1484 μητηρ
869 1421 1063 1483 αατατρόψαοαη

104 1494 158 1542 Ῥέα
173 1494 328 1556 οἷπαιτησαντι
346 1500 376 1557 τῴ
395 1495 477 1556 Κρόνῳ
497 1506 617 1543 καταπιεῖν
632 1494 720 1541 λίθονό
736 1493 867 1541 dandonem.
902 1493 926 1545 ὃς
947 1494 975 1541 ον’
996 1512 1064 1539 κατα-

105 1567 187 1618 ποθελς
202 1565 257 1618 codo
272 1570 495 1627 προταταποθὲντας
510 1569 595 1624 θλίηιας
611 1567 699 1620 ἐξέτισεν
706 1567 723 1620 ⁷,
740 1563 768 1639 αλς
783 1569 904 1624 προελθεῖν
920 1568 1063 1623 πρῶτονμὲν

105 1709 168 1753 Sedt
160 1711 298 1767 t·ecportuit,
279 1710 358 1765 tiili,
377 1711 431 1754 scire
446 1711 540 1753 metaiia
555 1723 597 1753 non
615 1723 641 1752 ex
660 1710 727 1752 animo
743 1710 861 1768 scripsisse,
884 1709 920 1754 sed
944 1714 1057 1753 amcretu

104 1795 154 1825 vera
171 1782 294 1833 occultasse,
311 1793 364 1843 quae
379 1782 397 1824 si
411 1794 466 1823 nnnc
481 1782 602 1837 desideras,
613 1781 660 1822 audi
675 1793 687 1822 a
702 1794 741 1822 me.
1071 1797 1090 1830 ορ

162 1852 184 1894 II.
214 1853 261 1895 An
248 1858 351 1906 rquorum
377 1851 481 1894 hominnm
501 1853 654 1908 sapientissimi,
682 1865 764 1894 omnem
784 1852 892 1894 veritatem
911 1865 950 1906 per
970 1853 1063 1894 lahorem

105 1922 185 1978 edocti,
214 1922 310 1977 indignos
330 1921 486 1977 divinarumque
509 1923 658 1977 disciplinarum
677 1934 720 1964 non
744 1922 828 1976 cupidos
850 1923 944 1966 celarunt
963 1924 1063 1966 scientiae

104 1993 238 2035 traditionem.
267 1992 340 2047 Neque
356 1993 409 2034 enim
426 2006 452 2034 ex
468 1992 530 2035 Caelo
545 1993 639 2047 illiusque
655 1998 720 2035 matre
736 1993 800 2034 Terra
821 1994 926 2048 progeniti
943 1999 990 2036 sunt
1006 1994 1062 2037 duo-

105 2064 170 2107 decim
185 2065 254 2119 liberi,
270 2063 441 2118 quemadmodum
455 2063 523 2106 fabula
540 2069 657 2119 enumerat,
681 2076 749 2106 mares
765 2064 848 2118 quidem
864 2064 970 2121 Oceanus,
987 2064 1062 2122 Coeus,

106 2134 175 2191 Crius,
192 2135 309 2190 Hyperion,
324 2133 417 2189 Iapetus,
432 2134 545 2188 Saturnus,
560 2135 649 2177 feminae
664 2146 716 2176 vero
733 2134 802 2189 Theia,
818 2135 905 2192 Themis,
920 2136 1060 2192 Mnemosyne,
1071 2152 1090 2185 γε

106 2205 179 2261 Ceres,
198 2205 283 2261 Tethys,
303 2204 367 2247 Rhea.
397 2205 470 2260 Neque
488 2205 587 2249 Saturnus
607 2205 735 2247 adamantina
750 2205 804 2247 falce
826 2212 910 2249 exsecta
929 2208 981 2261 patri
1001 2206 1063 2249 Caelo

105 2277 182 2333 virilia,
197 2282 221 2318 ut
234 2276 303 2331 fertis,
319 2275 340 2317 in
354 2288 412 2318 mare
427 2276 520 2331 projecit.
556 2275 596 2319 Sed
616 2289 685 2331 neque
702 2289 729 2318 ex
745 2275 801 2317 Caeli
823 2277 946 2319 exsectione
966 2290 1005 2332 per
1024 2277 1065 2321 fusi

105 2347 209 2402 sanguinis
225 2352 293 2400 guttas
309 2351 354 2388 orta
370 2351 402 2390 est
417 2347 493 2389 Venus.
527 2347 600 2401 Neque
622 2347 681 2388 etiam
704 2346 803 2389 Saturnus
827 2359 854 2388 ex
867 2347 925 2390 Rhea
945 2349 1010 2403 primo
1027 2350 1065 2392 sihi

106 2418 194 2471 genitum
211 2417 316 2475 Pintonem
333 2418 450 2473 absorbuit,
464 2423 549 2472 propter
564 2417 680 2460 Promethei
704 2417 810 2460 oraculum
826 2419 916 2475 veritus,
943 2432 969 2462 ne
990 2433 1018 2462 ex
1038 2434 1063 2463 eo

106 2488 215 2529 concnhitu
230 2492 289 2528 natus
305 2486 372 2529 inians
387 2487 461 2530 fortior
476 2489 521 2541 ipso
538 2489 658 2544 exsisteret,
673 2489 807 2542 privaretque
823 2489 890 2543 ipsum
905 2503 979 2545 regno.
1018 2491 1089 2537 Nonao

105 2558 197 2600 secundo
213 2558 305 2612 genitum
318 2557 434 2611 Neptunum
450 2559 541 2601 similiter
556 2560 663 2614 absorpsit.
698 2559 745 2601 Non
766 2566 815 2613 post
838 2560 876 2603 hos
898 2566 968 2603 natum
990 2563 1063 2605 Jovem

106 2633 170 2670 mater
184 2627 241 2669 Rhea
257 2627 375 2684 occultavit,
390 2641 429 2671 nec
444 2631 549 2684 expetenti
565 2630 652 2673 Saturno
668 2629 755 2683 lapidem
776 2631 801 2672 ad
818 2631 960 2674 devorandum
977 2633 1063 2675 tradidit.

105 2697 149 2739 Non
164 2700 181 2741 is
197 2699 308 2740 devoratus
322 2700 380 2752 prius
400 2701 509 2754 absorptos
524 2702 584 2744 trusit
599 2707 620 2743 et
634 2701 704 2755 coegit
724 2702 791 2757 exire,
807 2704 894 2756 primum
916 2704 1008 2760 quidem,
1029 2705 1063 2758 qni

137 2879 154 2915 1.
183 2874 264 2930 φρονῶν
280 2875 395 2915 desideratur
410 2878 427 2915 in
444 2879 465 2917 0.
598 2881 644 2918 135.
661 2881 709 2917 371,
740 2879 829 2929 Apollod.
847 2882 864 2930 1,
887 2885 905 2929 2,
922 2882 941 2919 4.
966 2879 1011 2918 Dein
1032 2894 1063 2920 ιο-

134 2940 153 2974 2.
183 2938 217 2974 Pro
235 2935 254 2973 (λλ
269 2931 365 2986 καμάτων
379 2937 394 2973 D
410 2938 509 2986 legendum
525 2950 571 2978 cen-
595 2934 634 2982 θός
654 2938 675 2976 0,

107 2989 176 3033 seced
186 2990 290 3045 nuptiator:
309 2995 415 3042 conjectura
426 2998 464 3044 jam
473 2999 570 3046 superflua.
625 2999 643 3034 5.
673 2997 723 3046 Lege
739 2992 774 3049 τὴν
789 2994 899 3050 βασιλείαν.
915 2997 932 3035 S,

136 3055 154 3093 3.
183 3054 209 3091 ita
225 3055 237 3092 S
247 3058 294 3092 auct,
306 3054 327 3091 D.
344 3052 381 3090 cn.
390 3054 432 3094 Hes.
441 3057 512 3105 Theog.
523 3059 570 3096 134.
625 3059 643 3094 6.
674 3052 734 3095 ticon
743 3056 805 3095 addidi
810 3069 825 3095 c.
834 3057 855 3101 0,
864 3067 915 3104 quam
925 3067 990 3095 vocem
998 3059 1065 3098 deesse

108 3112 159 3160 375,
174 3109 232 3164 κριός
248 3114 261 3150 G
277 3112 298 3150 0.
593 3116 630 3163 J'am
644 3115 713 3153 monuit
728 3117 750 3154 D.
786 3116 822 3153 Cir.
841 3115 923 3162 hccogn.
944 3115 966 3163 X,
987 3120 1017 3156 tc.
1042 3114 1065 3163 ὃς

135 3173 154 3208 4.
184 3167 248 3221 θήλαι
267 3171 288 3210 0.
318 3170 361 3207 Tum
381 3169 406 3209 id.
421 3175 461 3212 θεα
481 3173 520 3211 εἰπε
541 3186 572 3211 ao·
596 3174 614 3211 in
630 3173 707 3212 exordio
723 3174 816 3224 sequentis
831 3172 904 3222 periodi
921 3174 984 3214 addidi
998 3189 1014 3216 α,
1027 3177 1051 3216 0.

110 3233 173 3279 centu,
194 3227 244 3269 Θειά
267 3230 315 3278 conj.
332 3229 351 3266 G.
389 3229 425 3269 Ch.
442 3232 485 3271 Nes.
501 3234 575 3284 Theog,
626 3236 645 3273 t.
675 3233 701 3273 lta
717 3234 739 3282 S,
755 3230 826 3283 ἕξωοει
842 3232 866 3280 (λ,
882 3228 956 3283 ἐξῶσεν
972 3236 993 3278 Ο.
