2276 3612
109 256 138 308 ru,
154 257 218 297 a-a.
582 249 611 296 78

109 370 168 414 εἶναι
180 366 241 416 Θεόν
257 367 381 421 σίνοίτατον,
396 364 420 416 ὃς
430 365 531 424 οὐρανὸν
543 372 616 414 ἐατισε
631 369 668 413 ταί
683 370 725 426 γην
741 366 778 411 ταί
794 364 874 412 ποίντα
888 365 916 411 τοί
929 366 937 393 ¹
952 370 975 411 ἐν
987 359 1074 414 αδτοῒς,

108 435 167 485 ailad
175 437 245 485 όίλλον
253 435 304 484 cruci
314 434 431 492 όίγνωστον
439 438 475 481 ταὶ
489 431 618 496 οίνοίτατον,
633 435 661 489 τίς
671 443 695 484 ἐν
706 435 843 495 ἀπορρήτοις
857 435 915 481 ὄντα
931 432 989 481 θεόν
999 437 1072 478 θεῶν·

109 500 1073 567 &Mbwmfflmsspffldmmkmwwmmmmffidfflm-

109 598 147 638 ρος
162 579 173 625 ὁ
187 578 227 625 τόν
242 576 315 634 νόμον
329 573 390 625 δούς.
421 577 457 621 ναί
472 579 546 623 ταῦτα
556 581 688 641 μηχανόται
703 578 785 634 λέγειν,
800 574 861 625 ὅπως
873 577 917 621 των
929 571 968 621 τόν
984 582 1023 621 ἕνα
1034 572 1072 617 ταὶ

82 649 184 706 τμόνον
201 644 330 706 μελλόντων
350 647 523 704 οέβεινΘεόν,
538 647 563 701 ὃς
586 645 686 710 οδρανόν
710 652 782 694 ἔκτισε
802 650 838 695 ναί
857 649 910 706 γῆν,
932 645 976 704 τη“ν
999 642 1073 703 δρδην

110 717 258 777 προειιλωόη2
274 717 360 763 πίστιν.

163 789 194 832 lll.
229 786 308 832 Ταδτα
325 783 424 836 duodece
440 788 488 838 πώς
502 788 543 834 oda
559 788 588 834 ἄν
603 787 729 847 ηδιίμησας
745 784 779 834 διδ
789 786 830 833 ’ταὶ
846 784 935 844 dude&
949 782 1005 836 τοδς
1018 801 1072 830 σνν-

106 861 173 908 όντοις
187 876 227 915 μοι
250 855 373 914 ἀδελφούς,
391 859 475 904 εἰδέναι
496 856 612 918 η’δέλησα,
633 858 662 910 οἷς
682 857 711 906 ου’
730 859 826 918 μετρίως
845 856 887 915 την
907 853 983 916 ψυχήν
1004 852 1072 913 didym,

105 931 187 985 ἐνορων
201 925 243 974 τόν
257 931 302 985 μὲν
318 926 420 986 πονηρόν
436 926 493 987 πρός
509 927 605 988 δοκιμὴν
621 928 751 989 ἀνθρώπων
766 924 912 988 ἐγρηγορότα,
926 923 981 976 τοδς
992 926 1015 972 δέ
1027 922 1071 971 οἷν-

80 996 213 1056 1οίῖρώποιις
230 1001 270 1057 της
285 1000 372 1045 dcccciv
388 1000 498 1057 σωτηρίας
512 997 575 1046 ποίνν
594 998 745 1059 ἀμελοῦντας.
780 993 940 1059 ἐμηχανήσατο
960 992 1003 1054 γοίρ
1023 1005 1071 1044 τοῖς

105 1064 151 1114 dni
167 1072 243 1114 ἐθνῶν
258 1071 367 1127 μέλλουσι
383 1071 433 1127 περὶ
449 1071 494 1113 των
509 1070 614 1128 ἐπιγείων
634 1067 721 1123 godeau
739 1068 886 1115 netaeooecl
907 1064 942 1112 ὅτι
964 1061 1005 1111 oria
1025 1065 1068 1111 εἰσί

108 1141 170 1193 θεοί,
192 1142 273 1198 ἑτέρων
295 1141 387 1186 πολλῶν
405 1141 468 1184 θεῶν
489 1138 555 1192 δόξας
570 1142 715 1197 εἰσενεγκεῖν,
736 1138 797 1189 ὅπως
816 1135 856 1183 ada
878 1136 1010 1183 παύσωνται
1030 1138 1070 1194 της

104 1208 181 1255 adam
195 1210 400 1266 πολοδεομανίας,
421 1211 499 1267 ἑτέρως
513 1208 527 1267 ἢ
542 1211 579 1256 παλ
593 1220 667 1270 χεῖρον
681 1207 739 1256 aecci
755 1210 797 1266 τῆς
813 1210 856 1255 τού
867 1210 927 1255 Θεοδ
942 1207 1069 1266 μοναρχίας

103 1282 175 1339 λέγειν
192 1275 394 1337 οίπατηδησονται·
411 1284 449 1324 ἵνα
465 1281 582 1336 μηδέποτε
597 1275 625 1324 τοί
641 1280 681 1337 τῆς
694 1280 823 1340 μοναρχίας
838 1271 1070 1337 προτιμησαντεςοδ-

78 1348 195 1395 λεπώποτε
210 1352 284 1399 ἐλέους
298 1360 373 1410 τοχεῖν
388 1350 528 1407 incautiora.
562 1347 649 1409 ταύτης
668 1351 691 1397 δὲ
711 1353 752 1408 της
772 1347 859 1407 τόλμης
878 1354 943 1394 ἕνεκα
959 1342 971 1391 ό
990 1346 1068 1404 Σίμων

103 1431 152 1472 ταῖς
169 1422 260 1474 ψευδέσι
276 1423 321 1466 των
335 1423 428 1479 γραφῶν
443 1433 575 1476 περινοπαῑς
590 1420 733 1479 ω’πλισμὲνος
748 1422 856 1479 πολεμεῖν
875 1416 932 1476 ημῖν
948 1416 1067 1474 προσέρχε-

103 1508 149 1536 ται.
179 1491 216 1536 καί
232 1488 258 1536 τό
277 1488 415 1546 δεινότερον,
436 1488 471 1534 ότι
494 1487 531 1546 αφ’
548 1484 580 1538 ὧν
602 1486 648 1536 οὐ6
669 1491 803 1536 πιπίστενιεε
825 1488 948 1547 προφητῶν
971 1485 1070 1532 τοιαῦτα

103 1562 249 1619 δογματίζειν
266 1556 322 1606 uacci
340 1562 380 1605 τοδ
396 1557 466 1608 ὄντως
482 1562 543 1605 Θεού
557 1558 584 1605 ori
600 1561 738 1620 πεφόβηται.

162 1631 193 1675 IV.
223 1631 270 1675 Καὶ
285 1627 341 1687 ἡμῖν
355 1633 401 1686 μὲν
414 1622 461 1681 τοῖς
476 1634 499 1675 ἐκ
515 1631 633 1689 προγόνων
650 1628 800 1690 παρειληφόσι
817 1624 859 1675 τόν
879 1624 907 1674 τοί
923 1626 1001 1674 ποίντα
1018 1626 1066 1674 ντί·

77 1771 157 1819 οολιιιιιε
173 1772 207 1826 qui
223 1771 304 1813 coelum
321 1775 342 1812 et
356 1775 432 1812 terram
449 1773 560 1827 omniaque
575 1773 596 1816 in
611 1775 635 1817 iis
651 1774 751 1816 exstantia
767 1772 864 1829 condidit,
879 1784 922 1814 non
938 1783 985 1814 esse
999 1769 1065 1812 Deum

101 1854 231 1896 supremum;
247 1840 284 1883 sed
300 1841 360 1882 alium
377 1843 479 1885 exsistere
495 1844 604 1898 quemdam
618 1845 747 1899 incognitum
764 1848 784 1885 et
799 1855 928 1898 supremum,
946 1847 969 1883 ut
989 1842 1010 1883 in
1029 1842 1065 1882 iu-

101 1912 214 1955 ellabilibus
231 1913 364 1955 exsistentem
376 1913 443 1954 Deum
458 1913 562 1969 Deorum,
579 1915 614 1969 qui
629 1915 681 1957 duos
697 1915 775 1957 miserit
789 1914 855 1969 Deos,
879 1925 906 1954 ex
925 1912 998 1968 quibus
1014 1912 1065 1953 alter

100 1982 170 2024 mundi
185 1987 279 2038 creator,
296 1983 348 2025 alter
361 1982 414 2037 legis
430 1984 496 2028 dator.
525 1984 594 2040 Atque
609 1985 662 2027 baec
677 1985 746 2026 dicere
763 1984 856 2039 molitur,
873 1988 896 2025 ut
910 1988 988 2025 rectam
1004 1981 1064 2023 fidem

99 2066 173 2096 eorum
188 2053 306 2110 subvertat,
323 2054 358 2108 qui
373 2066 437 2095 unum
457 2066 482 2096 ac
496 2054 564 2098 solum
579 2054 645 2096 Deum
661 2060 778 2098 creatorem
798 2055 849 2098 coeli
865 2059 885 2097 et
900 2059 969 2097 terrae
985 2050 1064 2094 adora-

74 2126 139 2171 returi
155 2131 209 2168 sunt.
629 2133 632 2140 ·

156 2194 188 2238 111.
218 2193 274 2236 llaec
298 2191 383 2236 audieus
404 2205 445 2249 quo
466 2193 529 2237 modo
554 2206 596 2237 non
621 2197 708 2240 moleste
728 2195 836 2239 tulissem?
867 2196 970 2246 Quocirca
988 2199 1009 2238 et
1024 2206 1062 2239 ros

98 2279 180 2309 mecum
196 2265 333 2307 consistentes
348 2263 423 2306 fratres
438 2265 493 2308 scire
509 2265 576 2323 volui,
591 2278 633 2308 non
649 2267 782 2309 mediocriter
796 2265 864 2308 animo
878 2278 911 2307 me
922 2265 999 2320 dolere,
1015 2264 1062 2306 dum

98 2337 174 2392 video,
189 2336 298 2378 Diabolum
314 2334 397 2391 quidem
412 2335 437 2378 ad
453 2335 548 2379 homiues
566 2336 677 2380 tentandos
692 2337 790 2392 vigilare,
816 2336 910 2379 homines
930 2349 982 2378 vero
1002 2336 1062 2390 plane

98 2407 208 2463 negligere
223 2407 309 2449 salutem
324 2418 388 2450 suam.
420 2405 534 2450 Gentilibus
549 2408 616 2463 enim,
633 2409 667 2462 qui
682 2414 765 2450 terrena
776 2407 885 2449 simulacra
896 2406 993 2449 credituri
1002 2412 1061 2450 erant

73 2491 140 2524 aenon
156 2489 204 2520 esse
218 2476 286 2533 Deos,
300 2477 427 2520 machinatus
444 2482 476 2519 est
490 2478 624 2520 introducere
641 2479 750 2532 opiniones
773 2478 799 2520 de
819 2478 885 2521 multis
906 2478 949 2520 aliis
964 2478 1017 2531 Dris5
1039 2483 1061 2521 ut

97 2550 114 2591 si
129 2562 140 2591 a
156 2549 251 2592 terrestri
266 2548 375 2591 multorum
390 2548 481 2592 Deorum
497 2554 606 2591 cessarent
620 2549 710 2605 insania,
726 2550 765 2591 alia
779 2549 813 2590 vel
827 2549 894 2604 pejori
905 2548 977 2591 fraude
989 2556 1059 2593 contra

96 2620 134 2663 Dei
150 2619 290 2662 monarchiam
307 2633 331 2662 ac
347 2621 444 2663 unitatem
459 2620 517 2676 loqui
533 2620 714 2676 compellerentur,
730 2634 756 2662 ne
772 2619 886 2662 doctrinam
902 2619 928 2661 de
943 2632 984 2662 uno
1001 2621 1060 2674 prin-

96 2691 165 2747 cipatu
180 2690 263 2733 maximi
278 2690 377 2735 facientes
392 2704 489 2747 umquam
498 2693 579 2747 possint
592 2694 693 2748 consequi
702 2690 871 2735 miscricordiam.
901 2691 946 2733 Hoc
955 2692 981 2732 ob
993 2691 1060 2735 audax

96 2763 175 2806 lacinus
191 2763 262 2806 Simon
277 2760 332 2805 falsis
347 2762 498 2817 scripturarum
515 2763 642 2806 sectionibus
658 2769 748 2807 armatus
763 2764 819 2805 verrit
838 2763 863 2805 ad
879 2775 918 2805 nos
934 2775 1058 2817 oppugnan-

73 2835 140 2881 aados.
170 2833 273 2888 Quodque
289 2833 430 2887 gravissimum
446 2840 486 2891 est,
502 2835 541 2878 ista
555 2833 655 2877 adversus
667 2836 734 2879 Deum
750 2847 821 2877 rerum
836 2846 862 2877 ex
878 2833 994 2890 prophetis,
1010 2834 1058 2889 qui-

98 2905 135 2948 bus
149 2909 216 2948 tamen
233 2915 277 2946 non
293 2904 367 2960 credit,
384 2904 461 2948 docere
476 2916 519 2947 non
535 2910 626 2949 veretur.

154 2975 185 3019 lll.
215 2976 240 3018 Et
256 2974 339 3032 quidem
355 2976 463 3020 adversum
478 2988 529 3032 nos,
546 2975 580 3032 qui
597 2988 608 3017 a
624 2976 736 3032 majoribus
752 2976 827 3019 cultum
843 2975 933 3019 oninium
946 2974 1057 3019 conditoris

128 3074 146 3111 l.
175 3069 199 3112 τὰ
214 3072 334 3125 transscripsi
350 3084 373 3112 ex
385 3071 411 3121 0,
427 3073 457 3124 qui
471 3076 563 3115 vocabula
617 3077 636 3114 4.
666 3069 828 3114 coaeterno.

96 3125 297 3183 decorositatum
314 3132 394 3173 exbibet
618 3137 636 3172 5.
666 3129 720 3172 κάτω
736 3144 773 3171 nou
789 3134 873 3172 omittere
883 3132 961 3172 debebat
969 3133 988 3172 S.
1009 3133 1056 3171 Sub-

126 3190 342 3241 bwmfflwst
586 3189 857 3243 iffiOmmmmm

125 3252 144 3287 3.
175 3245 226 3301 ἡμεῖς
241 3251 261 3289 0.
617 3256 635 3290 6.
666 3248 689 3291 οδ
705 3264 742 3290 uon
758 3257 786 3290 est
800 3252 818 3290 in
835 3252 857 3289 0.
