2276 3612
547 247 590 294 367
879 240 942 302 nunt,-
959 250 1051 290 ιε-το,

86 365 238 425 κριθήσεσθαι
255 365 292 429 οὐχ
307 366 481 427 δπελσῖμβανεν.
512 366 548 413 διοί
565 367 634 411 τοῦτο
649 364 707 420 prono}
724 364 748 411 co
765 369 847 411 εἰπεῖν’
872 361 963 422 ’Ῐοραιγλ
983 366 1006 410 δὲ
1021 385 1052 421 με

85 432 125 479 ουίι
141 441 209 492 ἔγνω,
223 439 258 483 καὶ
274 435 285 483 ὁ
301 435 354 489 λαός
369 459 399 496 με
415 437 443 484 ου’
460 439 569 495 συνῆκεν,
585 434 705 492 ἐπαγαγών
721 437 790 494 λέγει·
815 433 867 481 orici
885 442 953 485 ἔθνος
975 434 1051 491 οἷμαρ·

84 503 166 558 ταλὸν,
182 505 249 558 λαδςῙ
265 510 353 566 πλήρης
369 505 494 566 ἁμαρτιῶν.
525 510 553 567 τῇ
568 508 611 565 γοὶρ
629 504 687 563 πρὸς
703 502 728 551 no
743 508 830 551 δίκαιον
842 504 915 551 ου’τσυ
927 505 1051 565 οἷγνυσίριῖ,

83 570 113 624 ὥς
128 579 196 632 ἔφην,
211 577 244 637 μὴ
261 575 402 636 φοβούμενοι
418 575 510 636 πλήρεις
525 580 629 635 ἐγένοντο
646 573 777 631 αμαρτιῶν,
799 576 873 632 μόνον
894 574 1000 633 ἀγαθόν,
1022 573 1051 625 οἷς

83 641 116 701 μή
132 647 307 709 ἐπεξερχόμενον
323 645 398 697 αὐτοῖν
413 645 454 698 τοίς
469 644 584 704 ἁμαρτίας
590 681 596 704 ,
612 646 669 691 εἶναι
685 642 840 702 ὑπειληφότες.
1057 654 1066 685 5

141 717 193 761 XIX.
224 720 272 765 Kal
288 735 348 767 τινες
362 725 406 776 μὲν
423 715 494 769 οὕτως
510 713 652 775 νγμιίρτανσν,
668 719 690 760 ἐν
707 716 748 770 τῆς
764 714 801 760 tol
817 713 944 775 τόοίγαθόν
955 716 1050 774 οίνρίτου

84 782 223 846 ν’πολήφεφς.
262 795 332 845 ἕτεροι
355 789 378 834 δὲ
396 792 420 833 o'n
442 789 487 831 τιον
503 787 618 833 ἐναντίων.
654 782 694 834 τοὶς
715 783 759 843 γοίρ
779 780 836 830 aanor}
856 789 896 831 του
921 789 981 832 &ooo
1004 789 1048 832 τών

83 859 176 912 γραφών
192 857 279 913 φανείς,
294 858 383 906 σίδίνονς
397 855 469 906 οδσας
485 858 520 902 aot
536 856 637 913 ψευδεῖς,
653 853 747 911 σίλφδεῑς
761 853 984 913 ὑπολαμβάνοντες,
1005 855 1047 914 τήν

84 923 153 976 ὄντας
170 924 242 973 αὐτου
258 925 367 983 θειότατα
385 930 420 973 noi
445 926 546 981 δύναμιν
567 921 608 970 ουτ
631 924 732 982 ᾔδεισαν.
773 924 849 983 διόπερ
865 924 892 975 οἷς
908 922 1048 983 οἷγνοσύντος

84 992 158 1042 ου’τσυ
173 1000 208 1043 ναὶ
225 998 303 1053 φόνοις
317 1000 437 1058 χαίροντος
456 1001 492 1044 ναὶ
513 999 600 1043 θυσιῶν
622 993 698 1051 δώροις
724 990 776 1044 τσδς
797 995 912 1053 πονιγροδς
935 995 1075 1052 consumpto

84 1070 116 1110 ε”τι
134 1069 157 1112 δὲ
173 1071 208 1115 καὶ
224 1069 356 1117 οἲπατιυντυς
372 1068 408 1112 ταί
426 1068 568 1124 ψευδομένου
584 1067 620 1111 ναὶ
637 1061 715 1109 πάντα
737 1063 801 1108 attam
823 1068 959 1120 ποιοῦντος,
983 1065 1047 1111 αὐτοὶ

83 1134 111 1184 ota
128 1137 197 1194 ὅμοια
213 1137 290 1183 (διφυᾶ
305 1133 453 1194 ποιήσαντες,
477 1134 662 1193 ἁμαρτάνοντες,
685 1135 828 1195 ἰσχυρίζοντο
849 1132 958 1192 εὐσεβεῖν.
998 1133 1049 1181 διὸ4

84 1206 119 1250 ταὶ
134 1202 274 1264 οἷμετοίθετοι
289 1211 320 1257 εἰς
335 1205 361 1252 τὸ
377 1217 477 1264 κρεῖττον
493 1201 551 1264 ἦσαν
559 1240 565 1259 ,
581 1207 616 1251 aot
633 1203 812 1261 νουθετούμενοι
825 1204 864 1249 ουίε
875 1207 1048 1264 ἐπεστρέφοντο.

84 1271 111 1320 ον’
124 1273 167 1333 yolo
185 1281 324 1335 ἐφοβοῦντο,
339 1276 367 1326 ὥς
382 1280 411 1335 op
429 1279 477 1334 Θεφ
494 1273 530 1322 διδ
548 1278 592 1322 τών
609 1272 718 1319 τοιούτων
735 1271 835 1330 πράξεσιν
851 1272 1032 1332 ε’ξομοιουμενσι.

141 1347 183 1390 ΧΧ.
215 1347 276 1405 ,Πρὸς
291 1348 314 1393 δὲ
330 1346 382 1397 τούς
397 1349 503 1392 τοιουτου
520 1342 608 1390 αὐτὸν5
623 1346 761 1402 νομίζοντας
776 1345 834 1390 εἶναι
857 1342 951 1401 εὐλόγως
968 1346 996 1393 σ’ἷν
1012 1355 1073 1399 τις15

85 1417 160 1474 λέγοι6
176 1419 294 1474 εἰρῆσθαι·
311 1414 383 1468 οὐδεὶς
399 1423 454 1474 ε”γνα
469 1412 510 1461 τὸν
526 1418 624 1473 πατέρα,
640 1419 660 1460 εἰ
675 1412 707 1470 μδ
725 1411 736 1460 ὁ
752 1414 812 1466 υἱός,
828 1413 855 1464 οἷς
872 1415 922 1460 οὐδὲ
938 1414 978 1460 τὸν
995 1414 1047 1462 υἱόν

84 1504 119 1537 τις
134 1487 206 1540 οἶδεν,
221 1491 241 1532 εἰ
255 1483 312 1544 ,tario
329 1485 411 1545 πατήρ.
442 1488 479 1531 καὶ
495 1483 591 1535 εἰκότας.
625 1488 644 1530 εἰ
660 1483 703 1544 peip
717 1482 859 1540 ἠπίσταντο,
883 1483 923 1530 οὐκ
947 1483 975 1530 lo
1001 1498 1048 1537 ταῖς

83 1553 153 1608 ὅντως
176 1555 231 1615 πρὸς
254 1557 382 1616 πειρασμὸν
406 1552 462 1601 abaci
486 1558 529 1602 τοὺ
550 1557 611 1602 &eoo
635 1556 769 1613 γραφείσαις
789 1556 881 1612 βίβλοις
900 1553 1049 1606 πιστεύοντες

84 1705 216 1755 peccaverat,
238 1712 277 1741 nec
293 1711 343 1742 sea
364 1700 419 1741 bono
435 1699 480 1740 Deo
500 1699 633 1754 judicandum
654 1702 769 1741 censuerat.
805 1697 917 1751 Propterea
938 1704 1047 1753 postquam

85 1770 143 1811 dixit:
158 1770 227 1812 louet
241 1774 308 1811 cratem
323 1782 355 1810 ono
370 1782 411 1811 non
426 1770 532 1825 copnooo't,
553 1774 574 1810 ot
586 1770 674 1824 populos
691 1782 722 1809 ιιιε
738 1781 779 1808 non
794 1768 905 1820 intellexit,
931 1771 1074 1825 subjungunt

83 1852 123 1882 υιιε
138 1842 194 1894 penti
206 1841 332 1895 peccatrici,
345 1842 422 1895 popolo
436 1841 497 1895 pleno
510 1842 611 1895 peccatis.
641 1840 693 1881 Nam
708 1839 734 1880 ob
747 1839 899 1892 ignorationem
911 1840 1004 1894 justitiae
1013 1841 1046 1882 di-

84 1913 144 1953 vinae
150 1945 155 1967 ,
171 1917 192 1953 nt
207 1912 296 1966 aiebam,
312 1922 354 1952 non
370 1912 474 1966 timentes,
491 1911 544 1965 pleni
560 1910 606 1952 faeti
623 1916 670 1952 sunt
686 1910 786 1964 peccatis,
803 1909 878 1951 bonum
895 1910 1005 1968 dumtaxat,
1024 1918 1046 1954 nt

84 1987 169 2036 peccata
186 1995 257 2025 eorum
273 1993 315 2023 non
330 1981 490 2037 vindicaturum,
507 1982 571 2023 Deum
588 1982 679 2023 arbitrati
697 1994 750 2024 esse.

142 2051 194 2095 XIX.
218 2053 243 2094 Et
257 2052 348 2093 nonnulli
364 2052 445 2106 quidem
461 2052 488 2094 ita
503 2057 644 2105 peccaverunt
659 2064 686 2093 ex
701 2052 804 2106 opinione,
820 2064 863 2094 non
879 2053 925 2094 lore
938 2053 1045 2110 jndicium,

84 2130 170 2179 propter
184 2123 222 2165 Dei
234 2123 350 2165 bonitatem.
381 2123 420 2166 Alii
436 2136 487 2166 vero
505 2129 584 2166 contra.
615 2122 665 2164 Nam
681 2122 832 2177 Scripturarum
857 2124 957 2167 adversus
979 2125 1071 2167 Denmas

84 2209 149 2239 voces
164 2195 245 2249 iniquas
261 2198 281 2236 et
295 2194 356 2236 falsas
372 2196 410 2237 rati
426 2208 487 2238 veras
504 2207 561 2251 osse,
584 2206 654 2236 veram
677 2194 740 2247 ipsius
757 2195 882 2237 divinitatem
905 2208 929 2236 ac
949 2196 1045 2237 virtutem

84 2268 208 2309 nescierunt.
239 2266 380 2320 Quapropter,
398 2266 455 2319 quasi
470 2267 513 2321 ipse
529 2267 623 2320 ignoret,
644 2271 664 2307 et
685 2265 782 2308 caedibus
798 2266 898 2323 gaudeat,
922 2272 943 2309 et
964 2267 1045 2309 sacrifi-

85 2338 162 2380 ciorum
178 2336 237 2379 donis
252 2348 329 2390 pravos
345 2336 440 2393 dimittat,
464 2342 572 2391 praeterea
597 2341 617 2378 et
638 2336 727 2390 decipiat
749 2343 770 2379 et
791 2337 907 2393 mentiatur,
929 2344 1046 2393 cunctaque

83 2408 153 2461 iniqua
168 2407 241 2462 faciat,
261 2408 308 2462 ipsi,
325 2412 347 2448 nt
362 2406 429 2448 Deum
448 2407 529 2461 imitati,
550 2406 656 2460 peccando
677 2408 710 2460 pie
729 2419 793 2461 agere
810 2407 947 2450 crediderunt.
977 2409 1046 2458 Quare

83 2478 217 2520 immutabiles
234 2476 259 2517 ad
275 2476 347 2518 melius
363 2478 494 2532 exstiterunt,
512 2482 532 2518 et
548 2477 643 2519 admoniti
659 2488 701 2517 non
720 2478 816 2520 conversi
831 2482 885 2520 sunt.
923 2478 975 2521 Nihil
992 2481 1069 2522 enimn

82 2549 218 2604 verebantur,
234 2548 293 2601 quasi
307 2560 345 2601 per
359 2547 412 2589 haec
431 2560 494 2602 opera
510 2548 555 2590 Deo
572 2553 641 2591 csscnt
657 2548 739 2590 similes.

140 2617 183 2660 XX.
215 2615 324 2659 Caeterum
342 2617 367 2659 ad
385 2630 428 2673 eos,
445 2619 479 2672 qui
495 2618 561 2660 Deum
576 2619 636 2660 talem
649 2623 726 2673 putant,
742 2618 873 2672 merito‘quts
883 2621 1043 2663 asseratdictnm

84 2688 158 2731 fuisse:
173 2700 231 2729 uerno
247 2688 304 2728 noolt
318 2688 409 2740 Patrono,
425 2689 466 2730 nisi
480 2690 546 2742 filins,
566 2690 620 2729 στοαί
635 2702 673 2729 nec
687 2689 752 2741 filiunt
768 2690 813 2742 pals
828 2690 896 2741 pontt,
916 2692 957 2732 notri
976 2692 1043 2732 Potor.

83 2759 108 2801 Et
118 2760 173 2813 jure.
203 2757 254 2799 Nam
269 2758 285 2799 si
302 2760 460 2814 cognovissent,
476 2771 586 2813 numquam
601 2759 669 2814 libris,
682 2771 757 2800 revera
774 2759 799 2801 att
815 2761 949 2803 tentationem
965 2762 1044 2815 scriptis

115 2947 132 2983 1.
162 2946 196 2983 Pro
216 2955 264 2984 noco
291 2939 342 2986 λαός
364 2946 428 2983 lacuna
450 2950 477 2982 est
496 2945 513 2981 in
535 2945 549 2982 Ο
604 2949 622 2984 3.
652 2944 695 2994 θεῷ
709 2945 748 2993 legi
763 2946 800 2983 nult
816 2946 836 2985 D.

84 3015 124 3041 oum
140 3010 217 3043 accerrtn
233 3001 289 3054 grani.
323 3003 342 3039 ln
360 3005 402 3041 ood.
418 3004 446 3041 bis
465 3003 550 3042 scribitur
604 3008 623 3041 t.
654 3000 677 3041 δι’
696 2998 705 3042 δ
723 3005 743 3042 G.
779 3005 822 3042 Turn
844 2999 965 3055 δμετιίδετοι
990 3005 1005 3043 0
1026 3006 1059 3044 et'

83 3058 132 3114 γάρ,
148 3063 227 3101 ultimum
244 3065 357 3111 expunctum.
575 3073 597 3099 ex
613 3063 692 3109 conject.
710 3064 734 3110 G,
750 3058 876 3112 ἀμετάθετον
890 3063 937 3099 idem
953 3063 971 3101 in
985 3068 1042 3102 textu.

112 3125 132 3158 2.
161 3120 184 3171 τῇ
199 3116 321 3173 ἀγνονωσίας
331 3119 378 3166 (sic)
389 3131 407 3167 p.
424 3116 512 3172 ἀγνωσία
528 3121 549 3159 0.
605 3125 622 3157 5.
655 3121 727 3159 Oenlr.
743 3136 766 3169 Ιιιι
782 3125 889 3168 expunctum
905 3127 948 3168 post
966 3118 1034 3160 αὐτόν.

83 3179 125 3216 Tum
141 3179 188 3217 idem
205 3177 317 3234 φοβούμεν,
333 3183 422 3226 sequente
437 3179 500 3217 lacuna
515 3190 548 3228 pro
605 3183 622 3216 6.
654 3176 706 3228 λέγει
723 3179 737 3216 O
754 3191 769 3216 c.
786 3179 807 3230 S,
824 3179 835 3215 λ
843 3177 884 3227 ’γαν
901 3179 920 3217 C.

81 3237 139 3274 literis
155 3251 180 3278 οι.
708 3231 710 3239 ί
