2276 3612
100 246 146 295 xvi,
163 249 183 286 a.
199 249 220 286 4.
554 245 596 289 318

100 360 228 418 ἱστορῆσαι,
243 360 278 405 ναὶ
293 353 319 403 ον’
338 354 393 414 πρὸς
405 354 519 413 όλήθειαν
538 358 681 418 ὠφελεῖσθαι.
718 361 755 406 ναὶ
770 359 814 406 νόν
828 364 849 412 ἐξ
864 362 979 418 ἑλληνιιιής
1000 380 1054 407 παι-

100 428 172 484 deinc,
187 430 214 480 uic
229 428 269 490 χρή
285 426 338 479 νοός
351 429 474 485 ζητοῦντας
490 442 573 480 ποιεῖν,
591 428 652 482 erdale
667 424 797 486 όπομνήοοι.
832 428 934 488 ἑαόνερος
949 429 1013 488 όμόν
1028 428 1053 477 τό

100 502 183 545 tanton
197 499 270 557 ιλόγμα
285 501 396 551 ἐνθέσθαι,
412 499 449 544 ναὶ
465 503 496 548 εἰς
512 507 587 558 ἕτερον
605 506 626 547 οἱ
641 499 702 560 λόγοι
717 500 860 559 γενέσθωσαν
868 501 883 542 1.
912 498 952 546 ἑόν
968 502 990 546 dl
1009 502 1053 545 Πέ-

100 589 151 629 τρος
167 569 238 628 μόνος
253 573 347 630 ἐιιθήιαι
365 570 389 617 ul
405 573 487 617 ἑαοσοό
503 576 621 632 φρόνημα,
644 574 671 619 οὐ
688 575 711 620 δὲ
726 569 750 618 τό
766 569 806 618 σόν
823 571 920 627 σιωπᾷς,
943 571 1054 629 sculperet

84 653 150 687 ονινα
166 639 234 699 λόγον
249 637 296 689 lind
311 644 351 687 σοό
368 643 469 701 ῥηθέντα
492 643 599 701 θλίβειν2
619 639 644 689 τό
665 641 754 689 αόνοό5
773 643 809 687 eal
830 639 855 686 nd
877 638 916 685 σόν
940 639 1053 698 φρόνημα,

98 715 133 757 nul
150 707 291 769 όγιφοιέροος
306 709 367 769 ripaue
383 707 430 758 όπό
445 714 486 756 σοι)
502 710 570 770 λόγον
590 712 732 771 ήσιηθένσας
757 709 788 771 μή
808 711 931 768 φαίνεσθαι
954 707 1053 766 ήνιημέ-

98 800 161 834 νοος,
177 778 233 827 οἷλλολ
250 780 290 828 νόν
305 783 431 838 ἐνθέμενον
446 779 471 827 τό
488 779 607 841 φρόνημα,
629 779 668 827 νόν
683 783 706 827 dd
722 780 755 840 μή
770 782 895 838 ἐνθέμενον
915 778 998 837 ὁμοίως
1012 776 1053 837 ήσ-

97 853 214 909 αημὲνον4
234 849 267 911 μή
283 850 396 910 πρόδηλον
412 853 481 906 εἶναι,
504 850 560 899 ddici
583 854 619 898 uui
639 854 778 909 neurupnc'nur
800 852 944 909 νομίζεσθαι,
982 851 1018 895 uui
1041 848 1053 894 ό

98 924 176 978 Σίμων
191 920 340 981 α’ποαρίναιο·
362 921 447 980 ποιήσοι
463 920 491 973 uic
506 924 589 982 λὲγεις,
612 921 693 978 οἲθνμό
709 924 731 968 dd
747 923 828 981 μήπως
843 921 885 979 ήιλη
900 920 1051 979 προειλημμέ-

73 1005 135 1043 innoc
151 989 222 1039 αόνοό
237 1004 283 1044 τοῖς
300 991 374 1053 λόγοις
390 991 417 1040 οό
434 992 564 1049 φιλαλήθης
581 996 620 1051 dep
635 990 717 1048 ιιρινής.

154 1064 188 1107 IV.
217 1066 263 1110 Καὶ
280 1062 291 1110 ό
309 1060 384 1122 πατήρ
404 1062 549 1117 όπειρίναοο·
570 1062 603 1117 μή
619 1079 648 1117 με
663 1058 745 1118 deciduo
761 1057 853 1117 οἷαρλτως
868 1063 995 1108 συνθέσθαι
1010 1080 1053 1115 σοι,

96 1139 134 1179 ἵνα
152 1131 205 1187 ιλόξω
222 1134 350 1192 φιλαλήθης
373 1134 431 1178 εἶναι
451 1131 537 1188 κριτής,
560 1135 580 1176 εἰ
603 1131 626 1175 dd
646 1128 738 1187 νόληθή
760 1127 851 1176 duodone
871 1131 960 1190 θέλης5
978 1133 1009 1193 τῷ
1023 1133 1052 1187 uui

96 1203 228 1260 φρονήματι
242 1207 331 1262 μᾶλλον
348 1205 508 1261 προείλημμαι.
538 1204 573 1248 ναὶ
590 1200 601 1247 ό
617 1202 706 1258 Σίμων’
730 1203 941 1260 πόςπροείληηιαι,
959 1200 1002 1250 οόιι-
1019 1207 1051 1248 εἰ·
1094 1259 1096 1262 .
1130 1198 1136 1235 i

96 1270 136 1324 ιλιός
152 1271 164 1319 ὃ
180 1277 265 1330 pecuum
281 1277 318 1320 καὶ
334 1272 346 1320 ό
362 1272 447 1331 πατήρ·
462 1273 531 1318 τοῦτο
547 1270 625 1332 ῥήιλιόν
641 1277 701 1317 ἐστιν
717 1273 810 1326 ctutum,
825 1274 862 1318 nul
879 1273 932 1325 πός,
948 1271 1051 1319 όιιονσον.

72 1342 206 1400 λὸἐλέγξοιν6
227 1342 325 1404 ὑπέσχον
346 1345 434 1401 Πέτρον
461 1349 501 1388 ἕνα
521 1340 580 1390 (uelo
604 1344 697 1399 λὲγοννα
716 1344 786 1395 εἶναι,
806 1339 840 1387 ότι
856 1340 976 1398 deridenda,
1000 1339 1012 1388 ct
1028 1344 1051 1388 dd

94 1413 155 1460 ndu⁷
170 1420 210 1459 ἕνα
226 1416 320 1474 λέγοντα
336 1410 467 1474 φεόσμαοος
482 1415 566 1471 ἐλέγξαι
581 1412 788 1472 ἐπαγγελλόμενος,
810 1410 901 1464 πόντος
915 1411 1008 1471 ιόιληλον
1023 1410 1051 1462 uic

95 1488 176 1534 ἐκεῖνος
193 1482 323 1541 ἀληθεύων,
338 1483 365 1531 ori
379 1483 404 1531 τό
421 1481 495 1530 odell-
510 1486 575 1542 λέγει.
611 1486 630 1529 εἰ
645 1478 688 1541 γόρ
703 1485 732 1540 σγ]
747 1484 938 1541 ααααφεοιλομὲνφ
953 1479 978 1527 τό
994 1479 1050 1529 uliud

94 1638 184 1682 pugnam
199 1626 271 1668 videre
287 1633 327 1681 est,
344 1632 364 1668 et
379 1638 422 1668 non
437 1626 462 1667 ad
477 1627 583 1669 veritatem
596 1625 669 1681 juvari.
698 1622 766 1679 Atque
781 1637 846 1680 nunc,
863 1638 889 1666 ex
906 1623 983 1667 Graeca
999 1638 1050 1667 cru-

95 1696 171 1738 ditione
186 1697 265 1753 sciens,
282 1709 323 1752 quo
339 1696 401 1738 modo
418 1708 494 1751 gerere
509 1709 532 1739 se
549 1695 638 1738 debeant
653 1694 800 1750 disceptantes,
817 1694 957 1737 commonebo.
988 1695 1051 1737 Uter-

71 1780 135 1821 mque
151 1773 243 1809 vestrum
257 1767 332 1822 dogma
348 1779 407 1809 suum
423 1772 525 1822 exponat,
542 1771 562 1808 et
578 1765 660 1808 alternis
675 1765 739 1807 verba
753 1765 808 1824 fiant.
839 1764 897 1813 Quod
913 1765 930 1806 si
945 1764 1001 1808 solus
1011 1765 1051 1807 Pc—
1081 1777 1082 1780 ’
1132 1764 1134 1787 ss

93 1843 135 1880 trus
153 1837 241 1891 explicet
255 1850 312 1880 suam
327 1838 458 1893 sententiam,
475 1843 496 1879 tu
512 1850 562 1879 vero
578 1842 632 1878 tuam
647 1837 745 1892 reticeas,
761 1836 805 1878 fieri
821 1842 900 1892 potest,
916 1842 938 1879 ut
953 1837 1023 1892 aliquis
1039 1850 1050 1879 a

92 1913 112 1950 te
127 1908 218 1962 prolatus
234 1920 302 1950 sermo
319 1913 339 1949 et
354 1913 408 1949 tuam
424 1913 444 1949 et
458 1908 510 1950 illius
519 1908 635 1962 opinionem
645 1913 729 1962 premat,
748 1912 809 1961 atque
819 1912 842 1948 ut
853 1912 941 1961 uterquc
953 1914 1050 1964 vestrum,

93 1979 140 2020 licet
155 1991 230 2019 revera
245 1978 270 2021 sit
283 1979 317 2021 illo
335 1991 431 2021 sermone
444 1980 521 2035 victus,
537 1991 579 2020 non
595 1978 688 2020 videatur
702 1983 771 2019 tamen
786 1984 906 2033 superatus,
929 1979 965 2021 sed
980 1980 997 2020 is
1013 1991 1048 2021 so-

92 2049 136 2104 lus,
152 2048 259 2102 quisnam
275 2049 392 2103 opinionem
409 2050 513 2104 exposuit,
533 2049 566 2091 ille
581 2061 643 2104 vero,
667 2049 758 2102 quinon
775 2049 877 2104 exposuit,
899 2061 940 2091 non
956 2049 1050 2091 videatur

69 2120 169 2172 ospariter
186 2132 232 2161 esse
249 2118 369 2174 superatus,
384 2120 444 2161 immo
460 2131 570 2173 superasse
587 2105 716 2161 eiistimctur.
746 2119 771 2160 Et
788 2118 856 2161 Simon
871 2120 987 2172 respondit:
1008 2121 1049 2162 Fa-

93 2190 144 2230 ciam
160 2188 331 2243 quemadmodum
348 2190 406 2231 dicis:
422 2202 493 2231 verum
508 2190 567 2231 valde
582 2190 653 2244 timeo,
675 2201 702 2230 ne
718 2190 760 2243 jam
775 2189 838 2241 ipsius
854 2189 922 2231 verbis
938 2197 1049 2245 occupatus

92 2271 133 2300 non
147 2260 175 2302 sis
187 2260 253 2313 J'udex
268 2261 311 2302 veri
325 2260 434 2302 studiosus.

150 2329 182 2369 lV.
211 2329 236 2370 Et
250 2329 309 2371 Pater
324 2329 438 2384 respondit:
455 2341 480 2369 ne
496 2342 528 2371 me
544 2341 608 2382 cogas
624 2333 702 2369 temere
718 2340 741 2368 ac
756 2327 831 2370 indicta
846 2341 908 2372 causa
923 2331 959 2372 tibi
974 2344 1049 2375 assen-

93 2399 136 2454 tiri,
151 2403 173 2440 ut
185 2399 251 2453 judex
266 2402 439 2444 videarveritatls
456 2413 531 2443 amaris.
565 2399 624 2448 Quod
647 2400 663 2441 si
678 2411 728 2440 vera
745 2399 815 2440 audire
838 2402 905 2456 cupis,
928 2406 961 2444 tua
983 2404 1049 2458 potius

69 2471 195 2517 aasententia
213 2478 375 2526 praeoccupatus
396 2485 446 2515 sum.
480 2472 516 2513 'Ac
537 2470 618 2514 Simon:
642 2469 750 2518 Quomodo
774 2482 796 2511 es
817 2480 991 2529 praeoccupatus,
1014 2476 1049 2529 qui

92 2542 160 2584 nescis
178 2541 225 2595 quid
242 2545 341 2585 sennam?
371 2544 398 2585 At
413 2549 479 2597 pater:
495 2542 562 2584 Facile
578 2547 609 2584 est
624 2541 671 2581 illud
687 2552 825 2595 cognoscere:
842 2548 861 2584 ct
877 2533 966 2597 quonam
981 2551 1047 2601 pacto,

93 2613 145 2654 audi.
175 2613 278 2656 Pollicitus
295 2628 326 2668 es,
342 2628 353 2655 a
368 2620 388 2655 te
404 2614 448 2656 falsi
465 2614 580 2654 convictum
596 2612 620 2652 iri
635 2611 722 2665 Petrum,
739 2611 773 2664 qui
789 2625 850 2654 unum
868 2627 914 2657 esse
930 2616 994 2657 Deum
1011 2629 1047 2659 as-

91 2689 153 2727 serat.
184 2682 293 2724 Caeterum
309 2685 342 2738 qui
357 2686 454 2738 promittit
469 2696 491 2727 se
508 2685 553 2726 falsi
567 2684 726 2737 redarguturum
742 2690 865 2727 assertorem
887 2688 946 2730 unius
962 2689 1009 2744 Dei,
1030 2689 1047 2730 is

91 2765 133 2796 non
149 2754 203 2796 idem
219 2752 305 2796 affirmat
321 2768 344 2797 ac
358 2755 392 2798 ille
408 2756 558 2798 evidentissime
568 2768 617 2797 vera
628 2755 723 2808 loquens
755 2754 836 2796 Sienim
845 2755 898 2797 idem
911 2757 989 2801 diceret
1001 2771 1046 2800 cum

123 2941 140 2977 l.
172 2933 206 2977 καὶ
221 2933 255 2990 ὑφ’
270 2936 331 2991 ἑτέρφ
353 2935 437 2989 αρίνονιι
456 2935 503 2984 τοὺς
524 2936 557 2978 λό-
612 2942 630 2976 6.
661 2933 744 2987 ἐλέγχειν
759 2939 777 2976 S.

91 3010 138 3048 γόος
154 2993 222 3035 δοτέον
240 2999 261 3037 Ο.
611 2998 630 3034 7.
659 2990 693 3034 τὸν
713 2997 784 3043 adjunxi
807 3009 823 3035 ο,
840 2996 865 3043 0,
890 2997 919 3044 qui
939 3008 974 3035 om.
997 2993 1044 3049 φεύ·

121 3060 139 3093 2.
171 3055 237 3093 Clerici
255 3057 339 3095 mendum
354 3051 443 3107 θλλβλιιν
454 3057 527 3105 repetiit
537 3057 555 3095 S.
582 3067 663 3106 daturos·

122 3116 139 3151 3.
171 3111 278 3154 ἑιινιοόΟ.
609 3115 627 3150 8.
659 3108 686 3154 ὡς
701 3107 816 3163 ἀληθεύων,
832 3109 854 3151 ed
872 3106 920 3150 αόνό
935 3125 953 3161 p.
965 3110 1045 3158 πόντιος

121 3175 140 3210 4,
169 3168 275 3224 ήιιομέγον
291 3173 312 3212 0.
580 3165 663 3221 εόδηλον
686 3164 713 3213 ὡς
740 3168 813 3216 ἐκεῖνος
833 3166 948 3222 ολληθεόοιν,
976 3169 999 3211 οὐ
1020 3168 1043 3211 ad

122 3232 140 3265 5.
171 3227 188 3268 αἰ
201 3227 238 3282 γὰρ
254 3229 333 3282 τάληθῆ
349 3225 416 3282 dorilei
431 3231 503 3280 μαθεῖν
520 3230 540 3268 0,
580 3225 629 3267 αὐτὸ
648 3228 666 3266 C.
