2276 3612
115 256 160 306 tun,
179 258 241 296 1-3.
571 252 612 298 182

115 372 195 417 πολλοὶ
213 368 363 428 συνεισῄεσαν.
394 364 435 430 σύχ
450 367 530 428 η’κιστιι
546 371 569 417 δὲ
585 372 628 417 των
644 369 684 418 ἀπ’
700 368 769 427 αύτης
785 372 825 427 τῆς
841 368 924 420 πόλεως
941 368 1009 434 όχλων
1019 387 1075 417 συν-

116 442 199 499 δρομαί
215 441 330 497 ε’χίνσντο,
345 443 439 496 ἱστορεῖν
453 441 600 499 βουλομένων
616 441 693 489 αὐτόν.
732 440 898 501 συνετύγχανον
918 438 962 487 σύν
977 443 1035 499 ημῖν
1050 447 1074 487 ἐν

115 523 162 563 τοῖς
178 510 318 569 προαστείοις
334 513 354 553 οἱ
370 505 409 553 ὑπ’
425 503 497 554 calana]
514 514 686 569 ἐκπεμφθέντες
701 510 805 570 αδελφοί,
820 506 847 554 τύ
863 527 886 555 τε
903 506 959 556 σίλλα
976 511 1003 558 col
1017 512 1073 558 κατιί

115 579 157 638 τόν
173 582 240 626 πόλιν
262 582 298 626 καί
320 578 348 625 τό
372 576 520 636 πραττόμενα
545 584 574 641 τῷ
598 584 685 640 Σίμωνι
707 582 864 639 ἐξακριβῶσαι,
886 577 945 630 ὅπως
967 582 1075 634 ἐλθόντες

88 669 97 701 κ
114 649 280 709 ύφηχήοωνται.
311 647 477 707 ἀποδεξάμενοι
494 653 565 701 αὐτόν
579 657 615 699 ἐπί
630 652 671 713 την
689 650 826 712 λλίαροόνουΙ
842 648 897 710 ἦχον
914 653 995 699 οἰκίαν.

170 721 192 765 ll.
223 720 253 765 ‘O
269 722 292 767 δὲ
307 716 341 767 ἐπ’
358 719 418 781 uriam
433 723 462 778 τῷ
485 726 524 780 της
545 725 618 776 ξενίας
639 725 724 770 πυλῶνι
742 721 785 780 η’δη
803 720 912 780 χεχονσίς,
931 725 1075 781 ἐπιστραφείς

113 801 158 843 τοῖς
174 789 247 851 ὄχλοις
262 788 384 851 ὑπέσχετο,
398 788 456 848 μεταλ
473 793 516 851 την
529 796 639 840 ε’πιούσαν
655 794 705 849 περὶ
722 794 854 850 θεοσεβείας
865 789 940 841 αὐτοῖς
951 794 1074 853 διαλεχθη-

112 877 157 904 ναι.
188 859 333 911 εἰσελθόντος
349 862 372 906 dt
388 860 461 907 αύτού
477 867 498 907 οἱ
514 862 605 920 πρόοδοι
619 872 665 912 τοῖς
675 861 838 919 συνεληλυθόσι
851 862 923 916 ξενίας
933 858 1074 920 ηὐτρίπιζσν.

113 925 152 975 oda
167 928 320 977 οἷπελείποντο
336 932 359 977 δὲ
375 931 427 977 οὐδὲ
444 937 464 977 οἱ
480 928 644 990 σποδεχόμενσι
660 933 695 976 καί
711 932 834 987 ξενίζοντες
845 932 937 986 caercio
948 929 1074 984 σίξισύντων

88 1002 255 1059 λσπρσθυμίας.
285 1000 372 1048 τούτων
389 1003 428 1047 δἐἳ
443 1000 508 1048 οὐδὲν
523 998 584 1050 εἰδοίς
599 999 610 1045 ό
623 999 726 1057 Πέτρος,
742 998 843 1054 ἀξιωθείς
857 998 896 1059 σφ’
911 998 976 1059 ἡμων
991 1005 1074 1060 τροφῆς

112 1072 264 1130 μεταλαβεῖν,
277 1076 330 1129 ἔφη,
345 1069 377 1130 μη
393 1071 568 1128 μεταλήψεσθαι
585 1067 695 1129 πρότερον
711 1067 793 1125 αύτύς,
809 1072 897 1131 capitata}5
911 1069 963 1123 τούς
979 1077 1074 1131 συνελη-

113 1141 214 1191 λυθότας
229 1140 288 1201 αύτῷ
304 1141 514 1187 διαναπαύσασθαι,
544 1140 733 1199 σῖποκριναμένων
749 1142 771 1186 δὲ
786 1140 862 1199 ἡμῶν·
879 1141 914 1189 ὅτι
928 1147 990 1199 ε”φθη
1006 1142 1073 1190 τούθ’

113 1208 183 1261 οὕτως
197 1214 346 1269 χεχενησθαι,
362 1211 473 1268 προφάσει
488 1213 527 1269 της
542 1210 598 1268 πρός
614 1229 636 1255 σε
653 1213 747 1268 στορχης
763 1213 850 1272 σπουδῇ
866 1208 975 1264 edoceat
990 1211 1074 1264 αύτούς

113 1278 299 1337 ὑποδεξαμένων,
313 1278 341 1331 σός
357 1279 410 1331 τούς
424 1278 456 1338 μηΙ
472 1279 592 1340 ἐσχηκότας
609 1279 648 1330 οδς
663 1279 791 1332 §salonam
805 1278 996 1342 ύπερβαλλόντως
1009 1285 1072 1329 λελυ·

88 1352 214 1406 ςῡπηοθαν
229 1350 241 1394 ὁ
258 1351 343 1408 Πέτρος
358 1347 454 1399 οἰκούσας
470 1353 505 1395 καί
523 1347 599 1406 ἡσθείς
614 1352 654 1405 της
674 1347 746 1401 ὀξείας
768 1350 960 1410 φιλανθρωπίαις6
979 1347 1073 1410 εύλοχη-

114 1436 154 1469 σας
170 1416 253 1472 αύτούς
268 1422 375 1479 ἐξῆλθεν,
391 1421 428 1465 καὶ
443 1420 550 1480 θωλιίοση
565 1420 705 1475 λουσόμενος
725 1421 856 1476 εἰσηλθενῗ,
877 1421 913 1466 καί
935 1423 1010 1468 σιτίων
1030 1420 1073 1468 σύν

114 1498 159 1538 τοῖς
174 1486 278 1547 προόδοις
293 1487 430 1547 μεταλαβιόν
446 1490 540 1546 ἑσπέρας
557 1488 769 1547 ἐπικαταλαβούσης
782 1488 894 1536 ύπνωσεν.

172 1559 203 1604 lll.
233 1556 292 1604 Ὗπό
308 1560 330 1604 δὲ
345 1556 386 1609 τιίς
404 1560 507 1615 δευτέρας
523 1560 567 1604 των
590 1556 743 1614 α’λεκτρυόνων
759 1555 833 1615 φανείς
852 1561 993 1613 διύπνισθελς
1008 1558 1073 1622 εὗρεν

115 1627 176 1686 ἡμας
191 1626 362 1689 ε’γρηχορόταςὸ,
392 1624 453 1687 ηλμεν
469 1629 491 1673 δὲ
507 1626 547 1673 σύν
563 1627 623 1684 αύτῷ
638 1633 659 1673 οἱ
675 1627 760 1678 παντες
775 1631 902 1684 ἑξκαίδεκα,
918 1631 987 1683 αύτός
1003 1630 1014 1678 ό
1028 1635 1073 1680 Πί-

90 1771 175 1820 metium
191 1783 217 1812 ex
231 1771 274 1825 ipsa
290 1771 371 1812 civitate
386 1771 490 1812 homimum
505 1782 618 1812 concursus
633 1770 720 1826 fiebant,
744 1772 903 1815 desiderantium
925 1775 996 1818 videre
1011 1776 1071 1819 illum.

114 1842 177 1895 Igitur
193 1842 273 1883 obviam
289 1842 337 1883 facti
352 1847 399 1884 sunt
414 1842 473 1883 nolus
488 1842 508 1882 in
524 1841 637 1897 suburbiis,
654 1842 688 1896 qui
704 1842 729 1882 ab
745 1843 789 1896 ipso
806 1843 852 1885 ideo
869 1845 923 1887 missi
939 1846 1030 1901 fuerant,
1050 1852 1072 1888 nt

113 1911 201 1964 proiecti
217 1913 349 1966 explorarent
364 1916 513 1965 narrarentque
529 1917 570 1953 tum
586 1912 642 1954 urbis
660 1911 709 1953 alias
725 1924 768 1967 res,
787 1917 829 1954 tum
845 1914 932 1957 Simonis
948 1922 1013 1970 gesta.
1048 1916 1073 1958 Et

115 1984 240 2037 excipientes
254 1984 310 2024 illum
325 1984 345 2024 in
362 1983 444 2025 domrnn
460 1982 563 2024 lllaroonis
580 1982 687 2024 duxerunt

170 2054 192 2095 ll.
222 2053 240 2096 Is
255 2066 306 2096 vero
320 2055 362 2108 jam
377 2054 434 2095 fores
451 2052 533 2107 hospitii
546 2057 630 2107 tenens,
646 2064 774 2108 conversus,
790 2054 911 2097 multitudini
926 2057 1027 2112 promisit,
1048 2070 1071 2100 se

88 2129 162 2177 25post
176 2123 230 2164 diem
245 2125 356 2166 crastinum
372 2123 398 2164 do
413 2122 468 2164 cultu
483 2122 521 2163 Dei
543 2122 581 2163 illis
599 2122 663 2163 verbu
687 2122 795 2164 fantinum.
833 2124 929 2180 Ingresso
951 2134 1017 2171 autem
1041 2143 1071 2187 co,

115 2195 150 2249 qui
166 2194 272 2248 praemissi
287 2193 378 2249 luermrt,
400 2193 486 2246 hospitia
506 2194 530 2233 iis
553 2194 587 2246 qui
602 2193 661 2235 simul
677 2199 776 2234 venerant
792 2195 919 2239 ordinabant.
956 2199 1000 2240 Nee
1021 2213 1071 2243 vero

115 2267 149 2320 qui
163 2256 251 2320 hospitio
268 2267 415 2321 suscipiebant,
432 2266 536 2307 alacritate
554 2271 612 2307 erant
627 2265 736 2307 inferiores
751 2267 775 2308 iis
791 2267 826 2320 qui
835 2266 921 2320 hospitia
937 2258 1072 2322 postulabant,

115 2338 205 2386 Quorum
222 2349 268 2378 cum
286 2337 333 2379 uilril
349 2338 412 2380 sciret
427 2338 508 2393 l'etrus,
524 2342 609 2390 rogatus
626 2349 637 2377 a
653 2337 724 2391 nobis,
744 2338 810 2378 eibum
826 2351 921 2394 sumere,
942 2353 1072 2396 nequaquam

114 2421 137 2451 se
150 2414 261 2450 sumturum
271 2408 325 2463 dixit,
341 2409 379 2450 nisi
391 2409 447 2462 prius
459 2409 494 2462 qui
507 2420 553 2449 eum
564 2407 646 2448 fuerant
656 2408 746 2449 comitati
754 2407 944 2462 interquiescerent.
974 2413 1072 2466 Respon-

88 2479 208 2524 codentibus
224 2483 291 2519 autem
307 2478 377 2520 nobis:
399 2479 474 2532 idjam
490 2478 516 2519 ita
537 2478 612 2518 factum
635 2482 676 2532 est,
700 2478 741 2533 eis,
763 2484 848 2532 propter
868 2493 958 2524 amorem
978 2496 1028 2538 σερε
1044 2489 1070 2539 te,

116 2565 188 2594 ornnes
204 2552 259 2604 ipsos
275 2551 365 2593 studiose
381 2551 544 2605 suscipientibus,
562 2550 614 2592 caleo
629 2556 657 2605 ut,
674 2550 709 2604 qui
724 2561 767 2590 non
777 2548 897 2606 habuerunt,
914 2554 1069 2608 quoslrospitio

114 2624 243 2677 reciperent,
259 2634 319 2676 supra
334 2622 416 2664 sinodum
431 2621 507 2662 luerint
523 2621 646 2663 contristati:
662 2620 734 2661 Petrus
745 2619 812 2661 audita
823 2633 852 2676 re,
867 2621 979 2666 delectatus
991 2631 1070 2678 promta

115 2695 241 2736 humanitate
247 2726 252 2748 ,
268 2693 379 2736 benedictis
394 2694 418 2736 iis
435 2704 532 2747 egressus
549 2697 589 2734 est:
605 2703 693 2746 cumque
708 2690 792 2733 lavisset
807 2691 826 2732 in
841 2694 896 2747 utari,
912 2694 1019 2748 ingressus
1033 2702 1069 2751 est,

115 2771 135 2807 et
151 2771 260 2821 postquam
283 2764 348 2805 cibum
368 2776 414 2805 eum
435 2763 607 2817 praecursoribus
628 2761 745 2815 sumsisset,
768 2767 829 2804 noete
853 2764 975 2806 adveniente
996 2778 1069 2808 somno

91 2850 140 2886 asse
162 2836 223 2878 dedit.

174 2907 204 2949 lll.
235 2905 275 2947 Sub
291 2904 402 2946 secundum
417 2917 467 2947 vero
484 2905 585 2960 gallorum
598 2908 678 2944 cautum
695 2901 854 2957 expergefaetus
869 2915 906 2946 nos
922 2905 1000 2947 invenit
1014 2907 1069 2961 vigi-

115 2980 187 3022 lantes.
218 2978 304 3019 Erarnus
320 2981 386 3017 autem
402 2989 473 3019 omnes
489 2990 534 3019 eum
551 2988 576 3018 eo
593 2975 692 3027 sedecim,
713 2974 756 3027 ipse
771 2975 842 3018 Petrus
864 2980 885 3017 et
908 2987 948 3029 ego
969 2976 1070 3035 Clemens,

147 3078 163 3113 1.
194 3069 310 3125 Μαρσοίνσυ
325 3072 373 3122 Epit.
391 3085 406 3111 c.
424 3077 455 3112 59.
636 3072 654 3109 5.
685 3065 790 3116 ξενίσουσιν
806 3071 828 3109 0,

146 3139 165 3173 2,
195 3128 216 3172 δὲ
232 3144 267 3171 σω.
284 3133 305 3173 0,
636 3134 654 3167 [t.
685 3128 743 3167 llalim
759 3144 782 3180 τη
798 3126 853 3182 ὀξείᾳ
869 3129 1020 3185 φιλανθρωπία.
1036 3135 1055 3173 8.

147 3196 164 3230 3.
194 3186 240 3244 πρίν
255 3187 266 3242 ἢ
283 3192 302 3230 C.
635 3190 653 3225 7.
683 3183 778 3228 εἰσελθών
794 3189 813 3227 C.

147 3254 165 3289 l.
194 3252 242 3288 Fort.
257 3252 295 3299 leg.
310 3244 397 3289 πιόντων.
414 3248 431 3285 S.
634 3248 653 3284 8.
684 3242 821 3302 ἀχρηχορότας
830 3247 851 3286 0,
867 3249 910 3287 Tum
923 3245 984 3298 ἕξκαό
993 3247 1040 3291 δέκα
1049 3251 1069 3291 C.
