2276 3612
115 244 160 291 xur,
177 246 196 282 7.
214 247 233 282 e.
576 246 618 290 286

174 356 214 400 VII.
247 358 292 401 Καὶ
317 355 328 400 ὁ
350 356 464 415 Νικήτης,
484 363 525 404 τού
546 363 629 412 λοιπσύ
648 364 798 416 Φαυστῑνοςί,
821 361 904 421 ήρξατο
925 363 1004 420 λέγειν.
1043 369 1082 423 τής

115 426 187 485 αὐτῆς
203 429 287 483 ἐκείνης
312 423 391 476 νυκτὸς
414 431 456 474 τού
473 431 567 485 πλοίου,
587 430 615 482 ώς
631 434 713 488 οἶσθα,
736 434 899 490 (λιαλυομὲνσυ,
919 430 980 491 ήμσίς
1003 429 1081 491 ὀίνιλρες

115 502 176 548 τινὲς
191 502 214 541 ἐν
230 498 259 553 τῷ
274 498 342 555 βυθῷ
358 494 478 555 ληστεύειν
493 499 528 556 μή
539 501 683 558 φοβούμενοι
698 501 838 554 destrueret
855 505 890 549 καί
902 507 925 549 ἐν
936 501 1012 562 σκάφη
1024 506 1080 549 Ἰθέν-

115 586 152 617 τες
165 569 200 612 καί
216 565 302 617 κώπαις
317 565 450 617 ἐλαύνοντες
471 568 569 627 ὁτὲμὲν
585 570 812 632 παρώηήνέφερον,
835 572 872 619 ὁτὲ
893 575 915 619 dt
937 574 973 618 καί
996 576 1081 631 τροφοῖς

91 656 100 686 t
115 635 323 694 μεταπεμπόμενοι
340 642 371 687 εἰς
388 635 429 695 τήν
447 637 580 696 Σκρώτωνος
595 640 653 702 ήγον
671 642 819 701 Καισάρειαν·
842 641 904 689 κώκεῑ
918 643 1079 700 ιλακρύονταςό

114 704 177 763 ήμας
192 708 263 765 λιμῷ,
288 707 350 766 φόβῳ
367 711 443 754 τεκαὶ
465 712 576 769 πληγαῖς,
597 712 657 764 ὅπως
675 714 708 773 μή
723 732 743 759 τι
759 717 871 772 προπετὲς
886 712 1020 770 λαλήσωμεν
1035 716 1078 759 τών

114 773 191 826 αύτυῑς
205 774 239 835 μή
254 772 393 832 δοκούντων,
409 782 442 823 ἔτι
458 781 502 825 τε4
517 784 554 827 καὶ
571 779 598 827 τοί
615 781 718 840 ὀνόματα
733 781 798 842 ήμών
814 779 962 837 σίλλώξαντες,
978 784 1079 839 πωλῆσαι

112 844 274 903 ήελυνήθησαν,
303 843 361 907 γυνή
377 849 400 894 (λε’
411 868 445 900 τις
460 848 590 902 ’laudatam
606 854 754 911 προσήλυτος,
769 853 883 914 α’ξιύλογσς
896 852 968 908 πιίνυ,
983 849 1079 910 ὀνόματι

111 912 218 968 ’Iouuaoy
233 913 370 976 ὠνησαμένη
385 916 448 977 ήμώς
464 924 496 972 εἰς
511 923 596 968 τέκνων
612 920 737 980 ἐφύλαττεν
750 922 835 977 τόπον,
850 925 885 969 καί
901 919 964 982 παίση
974 923 1079 982 ἑλληνική

88 987 205 1046 κοπαιιλεία
216 983 274 1043 perd
288 990 391 1045 σπσυιλής
406 993 570 1043 ἑξεπαίιλευσεν,
600 991 664 1049 ἡμεῖς
674 994 698 1038 δὲ
714 991 746 1049 ἐφ’
762 992 849 1051 ήλικίας
864 997 974 1051 ἔμφρονες
983 989 1078 1051 γενόμε-

113 1076 149 1103 νοτ
165 1059 202 1102 καί
220 1055 262 1114 τήν
278 1059 404 1116 θρησκείαν
416 1057 578 1119 ἠγαπήσαμεν,
593 1064 630 1107 καὶ
646 1059 673 1108 τοί
690 1065 731 1119 κής
747 1064 850 1114 παιδείας
871 1061 1078 1119 ἑφιλοπσνήσαμεν,

113 1127 174 1179 ὅπως
189 1125 245 1186 πρὸς
259 1126 287 1175 ταί
303 1129 372 1176 λοιποί
388 1135 445 1189 ἔθνη
462 1131 619 1191 διαλεγόμενοι
635 1134 731 1192 ἐλέγχειν
753 1130 812 1179 oded
829 1135 878 1190 περὶ
899 1130 988 1189 πλοίνης
1007 1132 1077 1177 duod-

112 1204 185 1253 μεθα-
216 1198 273 1244 α’λλώ
289 1202 325 1245 καί
342 1198 368 1245 καί
386 1202 515 1259 φιλοσόφων
531 1200 704 1261 η’κρηλώσαμιν,
727 1205 840 1261 ἐξαιρέτως
860 1204 883 1249 (λε
906 1199 934 1247 τώ
950 1201 1077 1254 ἀθεώτατα,

113 1271 167 1326 λέγω
183 1265 226 1325 ιλή6
237 1265 263 1312 τώ
279 1267 420 1326 Ἐπικούρου
429 1274 464 1317 καί
474 1272 604 1331 Πύρρωνος,
620 1278 658 1318 ἵνα
670 1276 760 1329 μᾶλλον
770 1271 933 1329 οίναοκευοίζειν
947 1269 1076 1328 δυνώμεθα.

87 1356 107 1388 15
169 1340 220 1384 VIII.
251 1340 338 1396 Σίμωνι
354 1341 377 1385 (λε’
393 1357 437 1386 τινι
454 1340 519 1400 μαἠῳ
536 1341 613 1403 σχεελὸν
630 1339 753 1400 σύντροφοι
774 1340 907 1402 γενόμενος,
923 1343 1015 1399 pitto&
1034 1340 1076 1401 ddq

111 1407 261 1466 ἀπατηθῆναι
278 1409 477 1467 ἐκινδυνεύσαμεν.
508 1412 573 1458 ε”στιΒ
588 1413 611 1457 (λε’
627 1430 661 1461 τις
678 1414 726 1471 περί
742 1411 868 1470 ανθρώπου
882 1409 947 1463 τινὸς
962 1409 1034 1470 λόγος,
1049 1404 1076 1458 ού

112 1480 224 1535 φανέντος
238 1484 262 1525 ἐν
277 1482 381 1540 βασιλεία
396 1484 440 1526 τών
461 1478 651 1541 θεοσεβηούντων
675 1481 756 1544 ὄχλος9
781 1479 904 1532 deodatum,-
929 1485 964 1528 καί
984 1480 1075 1534 οίλύπως

169 1620 209 1663 Vll.
240 1621 290 1663 'Iuni
306 1622 394 1678 Nicetes,
411 1623 445 1677 qui
462 1628 482 1665 et
497 1625 675 1680 nuneFaustinus‚
692 1625 759 1679 eoepit
776 1624 854 1666 dicere:
870 1623 890 1665 In
905 1624 937 1665 itta
953 1624 1073 1681 ipsanoote,

112 1704 158 1732 eum
174 1694 242 1748 navis,
258 1694 429 1748 quemadmodum
446 1695 509 1750 nosti,
532 1695 605 1739 fuisset
620 1697 724 1750 resoluta,
748 1696 785 1736 viri
808 1694 899 1749 quidam,
926 1695 960 1748 qui
979 1695 1001 1735 in
1024 1696 1074 1736 mari

85 1763 229 1810 τοίου-σώμασί
245 1760 285 1804 non
301 1769 406 1818 verentur,
422 1772 523 1819 ceperunt
540 1779 585 1822 nos,
601 1772 621 1809 et
630 1767 737 1808 naviculae
752 1767 899 1820 imposuerunt,
917 1770 937 1806 et
952 1766 1073 1819 remigando

110 1834 220 1888 aliquando
237 1834 261 1875 ad
277 1839 353 1875 terram
370 1835 500 1891 deferebant,
516 1836 626 1891 aliquando
643 1842 663 1878 et
678 1838 735 1878 eibos
756 1836 902 1891 accersebant,
925 1836 996 1891 sieque
1019 1836 1073 1879 Cae-

109 1917 190 1947 saream
206 1904 307 1948 Stratonis
327 1905 481 1959 perduxerunt:
503 1908 574 1962 ibique
596 1920 634 1949 nos
658 1909 678 1949 in
700 1908 801 1961 lacrymas
825 1905 901 1948 effusos
924 1905 987 1961 fame,
1012 1913 1072 1963 metu,

108 1976 232 2019 verberibus
249 1975 376 2032 affligentes,
397 1989 423 2019 ne
446 1979 494 2033 quid
515 1984 594 2021 temere
615 1983 687 2019 contra
709 1990 766 2018 suam
788 1976 909 2018 sententiam
931 1976 1071 2033 loqueremur,

108 2048 218 2090 irnntutatis
234 2048 293 2088 etiam
310 2049 686 2106 nostrisraominibus,rendide1·unt.
724 2048 789 2090 Porro
805 2047 878 2088 mulier
900 2047 999 2101 quaedam
1018 2048 1072 2102 apud

84 2119 200 2161 atdudaeos
216 2119 331 2172 proselyta,
346 2119 434 2161 honesta
450 2120 558 2163 admodum
564 2154 569 2176 ,
585 2120 642 2162 Justa
657 2120 750 2174 nomme,
771 2130 817 2159 eum
833 2129 871 2159 nos
887 2118 981 2172 emisset,
1002 2117 1072 2159 habuit

107 2190 154 2231 loeo
171 2189 270 2242 fitiorum,
286 2194 349 2243 atque
365 2191 460 2232 omnibus
476 2190 560 2233 Graecis
584 2190 693 2244 disciplinis
709 2188 802 2232 studiose
825 2187 917 2229 erudivit
956 2187 998 2230 Nos
1020 2201 1070 2231 vero

107 2272 145 2313 per
161 2264 250 2300 aetatem
263 2259 374 2312 prudentes
388 2259 448 2317 faeti,
465 2265 485 2302 et
500 2260 621 2314 religionem
637 2260 758 2314 amavimus,
781 2264 801 2300 et
815 2259 887 2300 titteris
903 2260 999 2312 gnaviter
1017 2271 1071 2314 ope-

108 2343 152 2372 ram
169 2330 272 2384 dedimus,
288 2335 309 2371 ut
325 2343 370 2372 oum
386 2332 469 2385 reliquis
485 2330 581 2386 gentihus
598 2330 735 2384 disputantes,
760 2341 795 2371 eas
819 2328 844 2369 de
868 2340 941 2370 errore
962 2341 1070 2383 possemus

109 2412 206 2455 arguere.
238 2398 277 2441 Sed
294 2405 314 2441 et
329 2401 473 2453 perdidioirnus
488 2400 658 2455 philosophorum
675 2400 771 2453 decreta,
792 2400 879 2440 maxime
898 2411 951 2453 quae
969 2413 979 2440 a
995 2400 1070 2453 pietate
1134 2446 1136 2448 ¹

83 2472 128 2516 aoin
145 2470 212 2512 Deum
228 2470 350 2513 alienissima
364 2478 421 2528 sunt,
437 2473 529 2528 Epicuri,
551 2472 646 2525 inquam,
667 2475 688 2512 et
702 2469 824 2524 Pyrrhonis,
845 2482 886 2523 quo
907 2471 972 2525 magis
993 2482 1070 2524 posse-

108 2554 153 2583 mus
170 2540 283 2583 oonfntare.
908 2581 910 2585 .

166 2611 215 2655 VIII.
246 2610 353 2653 Caeterum
368 2624 408 2653 una
425 2625 471 2654 curn
488 2612 572 2656 Simone
589 2610 677 2666 quodam
694 2621 755 2664 mago
765 2609 857 2667 edueati,
872 2612 953 2654 ratione
969 2612 1069 2654 amicitiae

107 2687 127 2726 in
143 2682 239 2726 fraudent
254 2681 299 2723 fere
314 2683 390 2724 inducti
405 2683 486 2725 fuimus.
518 2682 592 2724 Fertur
608 2681 660 2722 enirn
677 2680 778 2734 quaedam
793 2680 819 2722 de
835 2682 902 2736 atiquo
918 2683 1001 2724 homine
1010 2682 1068 2737 fama,

107 2756 142 2810 qni
157 2754 192 2796 ubi
209 2754 335 2809 apparuerit,
351 2755 447 2798 universa
462 2755 544 2808 piorum
560 2751 667 2793 multitudo
683 2750 703 2791 in
718 2761 785 2804 regno
801 2752 856 2794 vivet
870 2757 972 2807 perpetuo
984 2765 1008 2795 ae
1018 2754 1068 2794 eitra

137 2838 155 2873 t.
186 2835 234 2872 Vbb.
251 2831 286 2872 τού
303 2833 321 2871 λ.
339 2834 451 2877 Φακστῐνος
467 2844 504 2874 om.
521 2833 541 2870 0,
631 2832 649 2868 8.
680 2831 762 2878 Recogn.
777 2830 822 2879 Vnt,
839 2834 876 2870 33:
894 2832 971 2874 „Fertur
985 2832 1032 2870 enim
1047 2830 1065 2869 in

135 2899 155 2932 2.
186 2887 293 2932 ἀνείλαντο
310 2879 352 2929 (λ’
601 2888 693 2937 religione
705 2894 768 2926 nostra
779 2900 840 2927 sermo
850 2891 873 2927 de
884 2891 975 2938 Propheta
989 2891 1068 2939 quodam

137 2956 155 2990 3.
187 2947 295 2994 δάκνοντες
311 2952 353 2999 conj
369 2951 393 2997 D,
413 2952 528 2999 „affligentes
541 2960 576 2986 nos
601 2968 631 2977 -
645 2959 679 2995 per
697 2958 749 2994 quem
764 2948 871 2986 immortalis
886 2953 904 2986 et
918 2949 972 2987 beata
981 2949 1017 2987 vita
1026 2961 1068 2986 ore-

107 3014 166 3050 fame«
176 3011 215 3048 nur,
224 3010 243 3048 in
252 3009 358 3058 net-ogau
370 3010 435 3047 deesse
443 3010 509 3057 aliquid
519 3012 577 3058 putat.
602 3006 686 3043 dentibus
702 3006 761 3044 danda
776 3007 893 3055 promittitur.
916 3007 967 3045 Hune
976 3019 1023 3056 ergo
1032 3018 1066 3045 nos

137 3073 156 3108 4.
186 3064 207 3107 δὲ
224 3069 244 3108 C.
601 3065 708 3113 putabamus
724 3065 821 3103 Simonem.
853 3066 889 3103 Sed
905 3065 1009 3115 haeedhi,
1029 3077 1067 3103 ma-

138 3130 156 3164 5.
185 3123 291 3170 Ἰσνδκίσις
307 3127 327 3165 G.
600 3128 639 3171 ter,
656 3124 775 3171 opportunius
791 3128 924 3173 exponentur.r

138 3190 156 3222 6.
187 3186 212 3224 Ita
226 3186 285 3235 Epiri,
301 3182 350 3236 λεήω
366 3180 387 3222 δὲ
403 3184 416 3220 G
433 3183 453 3222 e
633 3184 650 3219 9.
681 3175 740 3233 ύχλον
756 3184 777 3233 G,
800 3183 830 3231 qui
853 3183 901 3230 conj.
923 3177 995 3233 ὅχλσς,
1016 3181 1065 3220 int]
1132 3182 1138 3224 ζ

139 3247 157 3280 7.
187 3240 261 3292 φιλίοις
277 3243 298 3281 O.
602 3234 672 3290 ίίχλων,
