<?xml version="1.0" encoding="UTF-8"?>
<!DOCTYPE html PUBLIC "-//W3C//DTD XHTML 1.0 Transitional//EN"
    "http://www.w3.org/TR/xhtml1/DTD/xhtml1-transitional.dtd">
<html xmlns="http://www.w3.org/1999/xhtml" xml:lang="en" lang="en">
 <head>
  <title>
</title>
<meta http-equiv="Content-Type" content="text/html;charset=utf-8" />
  <meta name='ocr-system' content='tesseract 3.04.00' />
  <meta name='ocr-capabilities' content='ocr_page ocr_carea ocr_par ocr_line ocrx_word'/>
</head>
<body>
  <div class='ocr_page' id='page_1' title='image "MN41653ucmf_3_0371.png"; bbox 0 0 2276 3612; ppageno 0'>
   <div class='ocr_carea' id='block_1_1' title="bbox 555 221 1055 271">
    <p class='ocr_par' dir='ltr' id='par_1_1' title="bbox 555 221 1055 271">
     <span class='ocr_line' id='line_1_1' title="bbox 555 221 1055 271; baseline -0.002 -12"><span class='ocrx_word' id='word_1_1' title='bbox 555 221 598 266; x_wconf 81' lang='lat'><strong>347</strong></span> <span class='ocrx_word' id='word_1_2' title='bbox 901 222 955 271; x_wconf 81' lang='lat' dir='ltr'><strong>xvir,</strong></span> <span class='ocrx_word' id='word_1_3' title='bbox 974 224 1005 260; x_wconf 79' lang='grc' dir='ltr'><strong>ιι.</strong></span> <span class='ocrx_word' id='word_1_4' title='bbox 1024 223 1055 259; x_wconf 82' lang='grc' dir='ltr'><strong><em>ιε.</em></strong></span> 
     </span>
    </p>
   </div>
   <div class='ocr_carea' id='block_1_2' title="bbox 64 330 1083 1523">
    <p class='ocr_par' dir='ltr' id='par_1_2' title="bbox 92 330 1058 608">
     <span class='ocr_line' id='line_1_2' title="bbox 92 330 1057 399; baseline -0.007 -14"><span class='ocrx_word' id='word_1_5' title='bbox 92 339 155 397; x_wconf 72' lang='grc' dir='ltr'><strong><em>ἡμεῖς</em></strong></span> <span class='ocrx_word' id='word_1_6' title='bbox 171 336 233 397; x_wconf 77' lang='grc' dir='ltr'><strong><em>ὕπαρ</em></strong></span> <span class='ocrx_word' id='word_1_7' title='bbox 249 340 436 399; x_wconf 71' lang='grc' dir='ltr'><strong>ἐπιθυμοῦντες1</strong></span> <span class='ocrx_word' id='word_1_8' title='bbox 457 343 544 395; x_wconf 89' lang='grc' dir='ltr'><strong><em>μαθεῖν</em></strong></span> <span class='ocrx_word' id='word_1_9' title='bbox 559 338 607 383; x_wconf 84' lang='grc' dir='ltr'><strong><em>τοτ’</em></strong></span> <span class='ocrx_word' id='word_1_10' title='bbox 622 338 679 397; x_wconf 89' lang='grc' dir='ltr'><strong><em>όναρ</em></strong></span> <span class='ocrx_word' id='word_1_11' title='bbox 701 339 750 395; x_wconf 84' lang='grc' dir='ltr'><strong><em>περὶ</em></strong></span> <span class='ocrx_word' id='word_1_12' title='bbox 766 335 847 391; x_wconf 82' lang='grc' dir='ltr'><strong><em>ἑτέρων</em></strong></span> <span class='ocrx_word' id='word_1_13' title='bbox 871 330 1057 389; x_wconf 86' lang='grc' dir='ltr'><strong><em>πυνθανόμεθα,</em></strong></span> 
     </span>
     <span class='ocr_line' id='line_1_3' title="bbox 94 398 1057 469; baseline -0.009 -13"><span class='ocrx_word' id='word_1_14' title='bbox 94 408 109 469; x_wconf 76' lang='grc' dir='ltr'><em>ἣ</em></span> <span class='ocrx_word' id='word_1_15' title='bbox 128 405 216 468; x_wconf 66' lang='lat' dir='ltr'><strong>intpp*</strong></span> <span class='ocrx_word' id='word_1_16' title='bbox 236 409 412 468; x_wconf 86' lang='grc' dir='ltr'><strong><em>πυνθανόμενοι</em></strong></span> <span class='ocrx_word' id='word_1_17' title='bbox 436 409 486 465; x_wconf 77' lang='grc' dir='ltr'><strong><em>περὶ</em></strong></span> <span class='ocrx_word' id='word_1_18' title='bbox 508 409 552 454; x_wconf 77' lang='grc' dir='ltr'><strong><em>τῶν</em></strong></span> <span class='ocrx_word' id='word_1_19' title='bbox 573 404 607 466; x_wconf 70' lang='grc' dir='ltr'><strong>μή</strong></span> <span class='ocrx_word' id='word_1_20' title='bbox 626 405 776 467; x_wconf 67' lang='grc' dir='ltr'><strong><em>διαφερόντων</em></strong></span> <span class='ocrx_word' id='word_1_21' title='bbox 798 403 854 462; x_wconf 67' lang='grc' dir='ltr'><strong><em>ἡμῖν</em></strong></span> <span class='ocrx_word' id='word_1_22' title='bbox 873 398 1001 460; x_wconf 83' lang='grc' dir='ltr'><strong><em>αἰσόσμεν,</em></strong></span> <span class='ocrx_word' id='word_1_23' title='bbox 1021 404 1057 453; x_wconf 76' lang='grc' dir='ltr'><strong>καὶ</strong></span> 
     </span>
     <span class='ocr_line' id='line_1_4' title="bbox 92 468 1058 537; baseline -0.008 -13"><span class='ocrx_word' id='word_1_24' title='bbox 92 480 266 531; x_wconf 79' lang='grc' dir='ltr'><strong><em>διυπνισθέντες</em></strong></span> <span class='ocrx_word' id='word_1_25' title='bbox 282 480 435 537; x_wconf 80' lang='grc' dir='ltr'><strong><em>οἷθυμοόμεν,</em></strong></span> <span class='ocrx_word' id='word_1_26' title='bbox 450 476 484 523; x_wconf 87' lang='grc' dir='ltr'><strong>ότι</strong></span> <span class='ocrx_word' id='word_1_27' title='bbox 500 481 550 536; x_wconf 87' lang='grc' dir='ltr'><strong><em>περὶ</em></strong></span> <span class='ocrx_word' id='word_1_28' title='bbox 567 473 597 526; x_wconf 80' lang='grc' dir='ltr'><strong><em>ὧν</em></strong></span> <span class='ocrx_word' id='word_1_29' title='bbox 613 477 796 536; x_wconf 52' lang='grc' dir='ltr'><strong><em>ἐπεθνμοόμενῖ</em></strong></span> <span class='ocrx_word' id='word_1_30' title='bbox 811 482 907 533; x_wconf 87' lang='grc' dir='ltr'><strong><em>μαθεῖν,</em></strong></span> <span class='ocrx_word' id='word_1_31' title='bbox 923 471 977 519; x_wconf 81' lang='grc' dir='ltr'><strong><em>οδτε</em></strong></span> <span class='ocrx_word' id='word_1_32' title='bbox 987 468 1058 530; x_wconf 54' lang='grc' dir='ltr'><strong><em>ήισόψ</em></strong></span> 
     </span>
     <span class='ocr_line' id='line_1_5' title="bbox 94 549 426 608; baseline -0.009 -13"><span class='ocrx_word' id='word_1_33' title='bbox 94 568 177 608; x_wconf 80' lang='grc' dir='ltr'><strong><em>σαμεν,</em></strong></span> <span class='ocrx_word' id='word_1_34' title='bbox 194 549 245 596; x_wconf 78' lang='grc' dir='ltr'><strong><em>τότε</em></strong></span> <span class='ocrx_word' id='word_1_35' title='bbox 262 549 426 608; x_wconf 63' lang='grc' dir='ltr'><strong><em>ε’ξιμόσαμενό.</em></strong></span> 
     </span>
    </p>

    <p class='ocr_par' dir='ltr' id='par_1_3' title="bbox 94 613 1071 890">
     <span class='ocr_line' id='line_1_6' title="bbox 109 613 1071 679; baseline -0.005 -14"><span class='ocrx_word' id='word_1_36' title='bbox 109 635 111 637; x_wconf 84' lang='grc'><em>“</em></span> <span class='ocrx_word' id='word_1_37' title='bbox 150 621 192 665; x_wconf 88' lang='lat' dir='ltr'><strong>XV.</strong></span> <span class='ocrx_word' id='word_1_38' title='bbox 223 623 270 666; x_wconf 83' lang='grc' dir='ltr'><strong>Καὶ</strong></span> <span class='ocrx_word' id='word_1_39' title='bbox 287 617 298 666; x_wconf 89' lang='grc' dir='ltr'><strong><em>ό</em></strong></span> <span class='ocrx_word' id='word_1_40' title='bbox 315 621 393 677; x_wconf 82' lang='grc' dir='ltr'><strong><em>Σίμων</em></strong></span> <span class='ocrx_word' id='word_1_41' title='bbox 408 626 461 678; x_wconf 76' lang='grc' dir='ltr'><em>ἔφη·</em></span> <span class='ocrx_word' id='word_1_42' title='bbox 483 623 503 664; x_wconf 91' lang='grc' dir='ltr'><strong>εἰ</strong></span> <span class='ocrx_word' id='word_1_43' title='bbox 519 617 561 679; x_wconf 68' lang='grc' dir='ltr'><strong>φῄς</strong></span> <span class='ocrx_word' id='word_1_44' title='bbox 576 619 617 672; x_wconf 79' lang='grc' dir='ltr'><strong>τός</strong></span> <span class='ocrx_word' id='word_1_45' title='bbox 632 616 743 669; x_wconf 84' lang='grc' dir='ltr'><strong><em>όπτασιάς</em></strong></span> <span class='ocrx_word' id='word_1_46' title='bbox 763 615 796 676; x_wconf 69' lang='grc' dir='ltr'><strong>μὴ</strong></span> <span class='ocrx_word' id='word_1_47' title='bbox 811 618 901 667; x_wconf 81' lang='grc' dir='ltr'><strong><em>πόντιος</em></strong></span> <span class='ocrx_word' id='word_1_48' title='bbox 922 613 1071 673; x_wconf 74' lang='grc' dir='ltr'><strong><em>εἷληθεόειν,5</em></strong></span> 
     </span>
     <span class='ocr_line' id='line_1_7' title="bbox 94 684 1056 750; baseline -0.007 -13"><span class='ocrx_word' id='word_1_49' title='bbox 94 687 195 737; x_wconf 77' lang='grc' dir='ltr'><strong><em>αλλόὖν</em></strong></span> <span class='ocrx_word' id='word_1_50' title='bbox 210 710 234 750; x_wconf 74' lang='grc' dir='ltr'><strong>γε</strong></span> <span class='ocrx_word' id='word_1_51' title='bbox 249 689 276 736; x_wconf 78' lang='grc' dir='ltr'><strong>τοὶ</strong></span> <span class='ocrx_word' id='word_1_52' title='bbox 293 688 398 749; x_wconf 73' lang='grc' dir='ltr'><strong><em>όροὶματα</em></strong></span> <span class='ocrx_word' id='word_1_53' title='bbox 419 692 456 736; x_wconf 82' lang='grc' dir='ltr'><strong>καὶ</strong></span> <span class='ocrx_word' id='word_1_54' title='bbox 477 687 504 735; x_wconf 79' lang='grc' dir='ltr'><strong>τό</strong></span> <span class='ocrx_word' id='word_1_55' title='bbox 527 689 624 736; x_wconf 80' lang='grc' dir='ltr'><strong><em>ε’νόπνια</em></strong></span> <span class='ocrx_word' id='word_1_56' title='bbox 645 690 785 746; x_wconf 85' lang='grc' dir='ltr'><strong><em>θεόπεμπτα</em></strong></span> <span class='ocrx_word' id='word_1_57' title='bbox 807 686 861 732; x_wconf 90' lang='grc' dir='ltr'><strong><em>όντα</em></strong></span> <span class='ocrx_word' id='word_1_58' title='bbox 886 684 915 735; x_wconf 77' lang='grc' dir='ltr'><strong>ου’</strong></span> <span class='ocrx_word' id='word_1_59' title='bbox 938 685 1056 745; x_wconf 76' lang='grc' dir='ltr'><strong><em>ψεύδεται,</em></strong></span> 
     </span>
     <span class='ocr_line' id='line_1_8' title="bbox 94 755 1055 822; baseline -0.004 -17"><span class='ocrx_word' id='word_1_60' title='bbox 94 762 143 819; x_wconf 87' lang='grc' dir='ltr'><strong><em>περὶ</em></strong></span> <span class='ocrx_word' id='word_1_61' title='bbox 159 755 190 808; x_wconf 77' lang='grc' dir='ltr'><strong><em>ὧν</em></strong></span> <span class='ocrx_word' id='word_1_62' title='bbox 206 761 233 807; x_wconf 77' lang='grc' dir='ltr'><strong><em>διν</em></strong></span> <span class='ocrx_word' id='word_1_63' title='bbox 250 765 320 807; x_wconf 86' lang='grc' dir='ltr'><strong><em>εἰπεῖν</em></strong></span> <span class='ocrx_word' id='word_1_64' title='bbox 336 763 401 822; x_wconf 78' lang='grc' dir='ltr'><strong><em>θέλῃ.</em></strong></span> <span class='ocrx_word' id='word_1_65' title='bbox 432 763 468 807; x_wconf 82' lang='grc' dir='ltr'><strong>ταὶ</strong></span> <span class='ocrx_word' id='word_1_66' title='bbox 484 756 496 805; x_wconf 86' lang='grc' dir='ltr'><strong><em>ό</em></strong></span> <span class='ocrx_word' id='word_1_67' title='bbox 513 762 599 818; x_wconf 79' lang='grc' dir='ltr'><strong><em>Πέτρος</em></strong></span> <span class='ocrx_word' id='word_1_68' title='bbox 615 765 665 817; x_wconf 75' lang='grc' dir='ltr'><strong><em>ἔφη·</em></strong></span> <span class='ocrx_word' id='word_1_69' title='bbox 690 758 764 816; x_wconf 77' lang='grc' dir='ltr'><strong><em>ὀρθῶς</em></strong></span> <span class='ocrx_word' id='word_1_70' title='bbox 780 764 847 817; x_wconf 76' lang='grc' dir='ltr'><strong><em>ἔφης,</em></strong></span> <span class='ocrx_word' id='word_1_71' title='bbox 862 758 896 805; x_wconf 85' lang='grc' dir='ltr'><strong>ότι</strong></span> <span class='ocrx_word' id='word_1_72' title='bbox 913 759 1055 815; x_wconf 85' lang='grc' dir='ltr'><strong><em>θεόπεμπτα</em></strong></span> 
     </span>
     <span class='ocr_line' id='line_1_9' title="bbox 94 826 1055 890; baseline -0.002 -14"><span class='ocrx_word' id='word_1_73' title='bbox 94 829 149 877; x_wconf 89' lang='grc' dir='ltr'><strong><em>όντα</em></strong></span> <span class='ocrx_word' id='word_1_74' title='bbox 165 830 193 876; x_wconf 86' lang='lat' dir='ltr'><strong>ov&#39;</strong></span> <span class='ocrx_word' id='word_1_75' title='bbox 207 831 321 889; x_wconf 66' lang='grc' dir='ltr'><strong><em>ψεύδεται.</em></strong></span> <span class='ocrx_word' id='word_1_76' title='bbox 360 830 445 890; x_wconf 69' lang='lat' dir='ltr'><strong>inpiae</strong></span> <span class='ocrx_word' id='word_1_77' title='bbox 465 832 488 877; x_wconf 79' lang='grc' dir='ltr'><strong>δὲ</strong></span> <span class='ocrx_word' id='word_1_78' title='bbox 505 835 524 877; x_wconf 91' lang='grc' dir='ltr'><strong>εἰ</strong></span> <span class='ocrx_word' id='word_1_79' title='bbox 543 827 554 877; x_wconf 90' lang='grc' dir='ltr'><strong><em>ό</em></strong></span> <span class='ocrx_word' id='word_1_80' title='bbox 571 826 640 876; x_wconf 58' lang='grc' dir='ltr'><strong><em>ἰδιδνῖ</em></strong></span> <span class='ocrx_word' id='word_1_81' title='bbox 663 828 817 885; x_wconf 86' lang='grc' dir='ltr'><strong><em>θεόπεμπτον</em></strong></span> <span class='ocrx_word' id='word_1_82' title='bbox 839 826 937 888; x_wconf 73' lang='grc' dir='ltr'><strong><em>,ἑόρακεν</em></strong></span> <span class='ocrx_word' id='word_1_83' title='bbox 959 828 1055 886; x_wconf 63' lang='grc' dir='ltr'><strong><em>όνειρσν·</em></strong></span> 
     </span>
    </p>

    <p class='ocr_par' dir='ltr' id='par_1_4' title="bbox 64 897 1083 1523">
     <span class='ocr_line' id='line_1_10' title="bbox 64 897 1054 961; baseline 0.001 -15"><span class='ocrx_word' id='word_1_84' title='bbox 64 907 65 911; x_wconf 75' lang='grc'>’</span> <span class='ocrx_word' id='word_1_85' title='bbox 94 900 260 960; x_wconf 76' lang='grc' dir='ltr'><strong><em>ταὶὸΣίμαν</em></strong></span> <span class='ocrx_word' id='word_1_86' title='bbox 282 899 352 961; x_wconf 76' lang='grc' dir='ltr'><strong>ἐδνῇ</strong></span> <span class='ocrx_word' id='word_1_87' title='bbox 368 897 609 960; x_wconf 69' lang='grc' dir='ltr'><strong><em>όὲαραταδςδιύαἰος,</em></strong></span> <span class='ocrx_word' id='word_1_88' title='bbox 628 898 835 958; x_wconf 76' lang='grc' dir='ltr'><strong><em>α’ληθῖςὲιόραιιεν.</em></strong></span> <span class='ocrx_word' id='word_1_89' title='bbox 875 902 910 945; x_wconf 80' lang='grc' dir='ltr'><strong>παῖ</strong></span> <span class='ocrx_word' id='word_1_90' title='bbox 928 898 939 944; x_wconf 87' lang='grc' dir='ltr'>ὁ</span> <span class='ocrx_word' id='word_1_91' title='bbox 956 900 1054 959; x_wconf 65' lang='grc' dir='ltr'><strong><em>Πέτρος·</em></strong></span> 
     </span>
     <span class='ocr_line' id='line_1_11' title="bbox 94 966 1083 1031; baseline -0.005 -14"><span class='ocrx_word' id='word_1_92' title='bbox 94 969 168 1029; x_wconf 74' lang='grc' dir='ltr'><strong><em>ὀρθῶς</em></strong></span> <span class='ocrx_word' id='word_1_93' title='bbox 183 980 244 1031; x_wconf 72' lang='grc' dir='ltr'><strong><em>ἔφης.</em></strong></span> <span class='ocrx_word' id='word_1_94' title='bbox 275 971 328 1024; x_wconf 74' lang='grc' dir='ltr'><strong><em>τίς5</em></strong></span> <span class='ocrx_word' id='word_1_95' title='bbox 344 973 366 1018; x_wconf 78' lang='grc' dir='ltr'><strong>δὲ</strong></span> <span class='ocrx_word' id='word_1_96' title='bbox 382 973 476 1026; x_wconf 78' lang='grc' dir='ltr'><strong><em>δίκαιος,</em></strong></span> <span class='ocrx_word' id='word_1_97' title='bbox 493 976 512 1017; x_wconf 91' lang='grc' dir='ltr'><strong>εἰ</strong></span> <span class='ocrx_word' id='word_1_98' title='bbox 527 970 643 1030; x_wconf 75' lang='grc' dir='ltr'><strong><em>δράματος</em></strong></span> <span class='ocrx_word' id='word_1_99' title='bbox 663 966 759 1031; x_wconf 61' lang='grc' dir='ltr'><strong>χρῄζῃθ,</strong></span> <span class='ocrx_word' id='word_1_100' title='bbox 783 974 822 1015; x_wconf 88' lang='grc' dir='ltr'><strong><em>ἵνα</em></strong></span> <span class='ocrx_word' id='word_1_101' title='bbox 837 969 907 1028; x_wconf 76' lang='grc' dir='ltr'><strong><em>μόθμ</em></strong></span> <span class='ocrx_word' id='word_1_102' title='bbox 925 968 939 1015; x_wconf 78' lang='grc' dir='ltr'><strong><em>δ</em></strong></span> <span class='ocrx_word' id='word_1_103' title='bbox 959 971 991 1015; x_wconf 89' lang='grc' dir='ltr'><strong>δεῖ</strong></span> <span class='ocrx_word' id='word_1_104' title='bbox 1008 976 1083 1026; x_wconf 72' lang='grc' dir='ltr'><strong><em>,αα-10</em></strong></span> 
     </span>
     <span class='ocr_line' id='line_1_12' title="bbox 95 1038 1056 1102; baseline -0.001 -15"><span class='ocrx_word' id='word_1_105' title='bbox 95 1049 157 1098; x_wconf 82' lang='grc' dir='ltr'><strong><em>θεῖν,</em></strong></span> <span class='ocrx_word' id='word_1_106' title='bbox 173 1044 209 1089; x_wconf 83' lang='grc' dir='ltr'><strong><em>ναὶ</em></strong></span> <span class='ocrx_word' id='word_1_107' title='bbox 226 1045 281 1102; x_wconf 78' lang='grc' dir='ltr'><strong>ποιῄ</strong></span> <span class='ocrx_word' id='word_1_108' title='bbox 297 1040 311 1087; x_wconf 76' lang='grc' dir='ltr'><strong>εἳ</strong></span> <span class='ocrx_word' id='word_1_109' title='bbox 326 1043 356 1088; x_wconf 90' lang='grc' dir='ltr'><strong>δεῖ</strong></span> <span class='ocrx_word' id='word_1_110' title='bbox 371 1054 456 1098; x_wconf 88' lang='grc' dir='ltr'><strong><em>ιισιεῖν,·</em></strong></span> <span class='ocrx_word' id='word_1_111' title='bbox 479 1045 515 1089; x_wconf 80' lang='grc' dir='ltr'><strong>καὶ</strong></span> <span class='ocrx_word' id='word_1_112' title='bbox 532 1041 543 1089; x_wconf 88' lang='grc' dir='ltr'><strong><em>ό</em></strong></span> <span class='ocrx_word' id='word_1_113' title='bbox 560 1043 650 1099; x_wconf 83' lang='grc' dir='ltr'><strong><em>Σίμων·</em></strong></span> <span class='ocrx_word' id='word_1_114' title='bbox 675 1038 742 1085; x_wconf 68' lang='lat' dir='ltr'><strong>votat</strong></span> <span class='ocrx_word' id='word_1_115' title='bbox 766 1058 806 1097; x_wconf 90' lang='grc' dir='ltr'><strong>μοι</strong></span> <span class='ocrx_word' id='word_1_116' title='bbox 828 1040 878 1094; x_wconf 84' lang='grc' dir='ltr'><strong><em>δός,</em></strong></span> <span class='ocrx_word' id='word_1_117' title='bbox 900 1038 935 1085; x_wconf 85' lang='grc' dir='ltr'><strong>ότι</strong></span> <span class='ocrx_word' id='word_1_118' title='bbox 957 1039 1056 1097; x_wconf 87' lang='grc' dir='ltr'><strong><em>μόνσςό</em></strong></span> 
     </span>
     <span class='ocr_line' id='line_1_13' title="bbox 94 1105 1055 1171; baseline 0.001 -14"><span class='ocrx_word' id='word_1_119' title='bbox 94 1114 178 1164; x_wconf 84' lang='grc' dir='ltr'><strong><em>διἰαισς</em></strong></span> <span class='ocrx_word' id='word_1_120' title='bbox 194 1112 268 1170; x_wconf 84' lang='grc' dir='ltr'><strong><em>ὅραμα</em></strong></span> <span class='ocrx_word' id='word_1_121' title='bbox 285 1105 370 1171; x_wconf 57' lang='lat' dir='ltr'><strong>uinetis</strong></span> <span class='ocrx_word' id='word_1_122' title='bbox 385 1114 438 1159; x_wconf 85' lang='grc' dir='ltr'><strong><em>ἰδεῖν</em></strong></span> <span class='ocrx_word' id='word_1_123' title='bbox 454 1114 566 1168; x_wconf 76' lang='grc' dir='ltr'><strong><em>δύναται,</em></strong></span> <span class='ocrx_word' id='word_1_124' title='bbox 582 1116 617 1160; x_wconf 84' lang='grc' dir='ltr'><strong>ταὶ</strong></span> <span class='ocrx_word' id='word_1_125' title='bbox 634 1111 792 1169; x_wconf 76' lang='grc' dir='ltr'><strong><em>α’πσιρίναμαί</em></strong></span> <span class='ocrx_word' id='word_1_126' title='bbox 806 1129 840 1156; x_wconf 86' lang='grc' dir='ltr'><strong>σσι</strong></span> <span class='ocrx_word' id='word_1_127' title='bbox 856 1114 887 1161; x_wconf 90' lang='grc' dir='ltr'><strong>εἰς</strong></span> <span class='ocrx_word' id='word_1_128' title='bbox 903 1108 968 1158; x_wconf 73' lang='grc' dir='ltr'><strong><em>αὐτό.</em></strong></span> <span class='ocrx_word' id='word_1_129' title='bbox 1005 1114 1055 1170; x_wconf 80' lang='grc' dir='ltr'><strong><em>ἐμοὶ</em></strong></span> 
     </span>
     <span class='ocr_line' id='line_1_14' title="bbox 93 1180 1057 1246; baseline 0.006 -18"><span class='ocrx_word' id='word_1_130' title='bbox 93 1182 136 1242; x_wconf 80' lang='grc' dir='ltr'><strong>γαρ</strong></span> <span class='ocrx_word' id='word_1_131' title='bbox 151 1184 262 1242; x_wconf 76' lang='grc' dir='ltr'><strong><em>κέκριται,</em></strong></span> <span class='ocrx_word' id='word_1_132' title='bbox 283 1182 316 1229; x_wconf 85' lang='grc' dir='ltr'><strong>ότι</strong></span> <span class='ocrx_word' id='word_1_133' title='bbox 341 1183 423 1244; x_wconf 59' lang='grc' dir='ltr'><strong><em>εἷσεβιρς</em></strong></span> <span class='ocrx_word' id='word_1_134' title='bbox 439 1183 515 1244; x_wconf 75' lang='grc' dir='ltr'><strong><em>οἷλιμθή</em></strong></span> <span class='ocrx_word' id='word_1_135' title='bbox 531 1184 618 1244; x_wconf 80' lang='grc' dir='ltr'><strong><em>ὄνειρον</em></strong></span> <span class='ocrx_word' id='word_1_136' title='bbox 635 1181 672 1246; x_wconf 78' lang='grc' dir='ltr'><strong>σδχ</strong></span> <span class='ocrx_word' id='word_1_137' title='bbox 689 1181 737 1244; x_wconf 68' lang='grc' dir='ltr'><strong>ὁρᾷ.</strong></span> <span class='ocrx_word' id='word_1_138' title='bbox 776 1183 811 1229; x_wconf 72' lang='grc' dir='ltr'><strong>καὶ</strong></span> <span class='ocrx_word' id='word_1_139' title='bbox 833 1180 845 1227; x_wconf 74' lang='grc' dir='ltr'>ὅ</span> <span class='ocrx_word' id='word_1_140' title='bbox 867 1183 963 1240; x_wconf 64' lang='grc' dir='ltr'><strong><em>Πέτρος·</em></strong></span> <span class='ocrx_word' id='word_1_141' title='bbox 986 1184 1057 1229; x_wconf 63' lang='grc' dir='ltr'><strong><em>τούτο</em></strong></span> 
     </span>
     <span class='ocr_line' id='line_1_15' title="bbox 95 1249 1055 1315; baseline -0.001 -17"><span class='ocrx_word' id='word_1_142' title='bbox 95 1249 177 1307; x_wconf 77' lang='grc' dir='ltr'><strong><em>ψεῦδός</em></strong></span> <span class='ocrx_word' id='word_1_143' title='bbox 192 1259 262 1309; x_wconf 79' lang='grc' dir='ltr'><strong><em>ἐστιν,</em></strong></span> <span class='ocrx_word' id='word_1_144' title='bbox 282 1257 316 1301; x_wconf 81' lang='grc' dir='ltr'><strong><em>ναὶ</em></strong></span> <span class='ocrx_word' id='word_1_145' title='bbox 332 1257 382 1312; x_wconf 76' lang='grc' dir='ltr'><strong><em>περὶ</em></strong></span> <span class='ocrx_word' id='word_1_146' title='bbox 398 1253 480 1301; x_wconf 80' lang='grc' dir='ltr'><strong><em>τούτου</em></strong></span> <span class='ocrx_word' id='word_1_147' title='bbox 499 1253 603 1315; x_wconf 64' lang='lat' dir='ltr'><strong>opponere</strong></span> <span class='ocrx_word' id='word_1_148' title='bbox 625 1257 661 1302; x_wconf 82' lang='grc' dir='ltr'><strong><em>ναὶ</em></strong></span> <span class='ocrx_word' id='word_1_149' title='bbox 678 1254 791 1313; x_wconf 76' lang='grc' dir='ltr'><strong><em>ἐνγρόφυς</em></strong></span> <span class='ocrx_word' id='word_1_150' title='bbox 816 1249 931 1306; x_wconf 83' lang='grc' dir='ltr'><strong><em>οἷπσδεῑξαι</em></strong></span> <span class='ocrx_word' id='word_1_151' title='bbox 947 1251 1055 1309; x_wconf 74' lang='grc' dir='ltr'><strong><em>δύναμαι,</em></strong></span> 
     </span>
     <span class='ocr_line' id='line_1_16' title="bbox 94 1319 1081 1385; baseline -0.001 -17"><span class='ocrx_word' id='word_1_152' title='bbox 94 1334 167 1369; x_wconf 90' lang='grc' dir='ltr'><strong><em>πεῖσαι</em></strong></span> <span class='ocrx_word' id='word_1_153' title='bbox 183 1325 205 1370; x_wconf 71' lang='grc' dir='ltr'><strong>δὲ</strong></span> <span class='ocrx_word' id='word_1_154' title='bbox 222 1323 261 1371; x_wconf 77' lang='grc' dir='ltr'><strong>ουτ</strong></span> <span class='ocrx_word' id='word_1_155' title='bbox 277 1327 438 1384; x_wconf 75' lang='grc' dir='ltr'><strong><em>ἑπαγὲλλσμαι.</em></strong></span> <span class='ocrx_word' id='word_1_156' title='bbox 469 1324 479 1371; x_wconf 88' lang='grc' dir='ltr'><strong><em>ό</em></strong></span> <span class='ocrx_word' id='word_1_157' title='bbox 495 1324 538 1384; x_wconf 71' lang='lat' dir='ltr'><strong>peip</strong></span> <span class='ocrx_word' id='word_1_158' title='bbox 554 1324 695 1383; x_wconf 64' lang='lat' dir='ltr'><strong>npdei&#39;pouot</strong></span> <span class='ocrx_word' id='word_1_159' title='bbox 710 1326 832 1385; x_wconf 75' lang='grc' dir='ltr'><strong><em>μοχθηροῖς</em></strong></span> <span class='ocrx_word' id='word_1_160' title='bbox 852 1319 934 1374; x_wconf 80' lang='grc' dir='ltr'><strong><em>νεότας</em></strong></span> <span class='ocrx_word' id='word_1_161' title='bbox 946 1323 1081 1382; x_wconf 59' lang='lat' dir='ltr'><strong>peroratura</strong></span> 
     </span>
     <span class='ocr_line' id='line_1_17' title="bbox 94 1390 1054 1454; baseline -0.001 -16"><span class='ocrx_word' id='word_1_162' title='bbox 94 1397 125 1444; x_wconf 90' lang='grc' dir='ltr'><strong>εἰς</strong></span> <span class='ocrx_word' id='word_1_163' title='bbox 140 1395 216 1453; x_wconf 78' lang='grc' dir='ltr'><strong><em>ἑτέρας</em></strong></span> <span class='ocrx_word' id='word_1_164' title='bbox 232 1397 289 1442; x_wconf 73' lang='lat' dir='ltr'><strong>navat</strong></span> <span class='ocrx_word' id='word_1_165' title='bbox 305 1393 382 1442; x_wconf 74' lang='grc' dir='ltr'><strong><em>πάντα</em></strong></span> <span class='ocrx_word' id='word_1_166' title='bbox 401 1399 470 1452; x_wconf 74' lang='grc' dir='ltr'><strong><em>καλῆς</em></strong></span> <span class='ocrx_word' id='word_1_167' title='bbox 493 1395 565 1454; x_wconf 85' lang='grc' dir='ltr'><strong><em>πρός7</em></strong></span> <span class='ocrx_word' id='word_1_168' title='bbox 588 1398 714 1453; x_wconf 76' lang='grc' dir='ltr'><strong><em>συμβίωσιν</em></strong></span> <span class='ocrx_word' id='word_1_169' title='bbox 733 1393 836 1452; x_wconf 91' lang='grc' dir='ltr'><strong><em>νόμιμον</em></strong></span> <span class='ocrx_word' id='word_1_170' title='bbox 859 1390 899 1439; x_wconf 86' lang='grc' dir='ltr'><strong><em>τόν</em></strong></span> <span class='ocrx_word' id='word_1_171' title='bbox 922 1395 1006 1439; x_wconf 79' lang='grc' dir='ltr'><strong><em>ἑαυτου</em></strong></span> <span class='ocrx_word' id='word_1_172' title='bbox 1027 1390 1054 1438; x_wconf 78' lang='grc' dir='ltr'><strong>οὐ</strong></span> 
     </span>
     <span class='ocr_line' id='line_1_18' title="bbox 93 1461 1055 1523; baseline 0.001 -14"><span class='ocrx_word' id='word_1_173' title='bbox 93 1467 229 1523; x_wconf 67' lang='grc' dir='ltr'><strong><em>μετατίθησι</em></strong></span> <span class='ocrx_word' id='word_1_174' title='bbox 244 1469 313 1513; x_wconf 74' lang='grc' dir='ltr'><strong><em>νοεῖν·</em></strong></span> <span class='ocrx_word' id='word_1_175' title='bbox 337 1466 409 1511; x_wconf 81' lang='grc' dir='ltr'><strong><em>ἐνίοτε</em></strong></span> <span class='ocrx_word' id='word_1_176' title='bbox 424 1468 460 1512; x_wconf 82' lang='grc' dir='ltr'><strong>καῖ</strong></span> <span class='ocrx_word' id='word_1_177' title='bbox 476 1471 562 1516; x_wconf 82' lang='grc' dir='ltr'><strong><em>ἑαυταῖς</em></strong></span> <span class='ocrx_word' id='word_1_178' title='bbox 577 1463 702 1515; x_wconf 76' lang='grc' dir='ltr'><strong><em>συνειδότες</em></strong></span> <span class='ocrx_word' id='word_1_179' title='bbox 722 1461 764 1520; x_wconf 66' lang='grc' dir='ltr'><strong><em>τήν</em></strong></span> <span class='ocrx_word' id='word_1_180' title='bbox 783 1464 910 1521; x_wconf 78' lang='grc' dir='ltr'><strong><em>κρείττονα,</em></strong></span> <span class='ocrx_word' id='word_1_181' title='bbox 930 1466 1055 1523; x_wconf 78' lang='grc' dir='ltr'><strong><em>προειλημ-</em></strong></span> 
     </span>
    </p>
   </div>
   <div class='ocr_carea' id='block_1_3' title="bbox 90 1603 1081 2801">
    <p class='ocr_par' dir='ltr' id='par_1_5' title="bbox 93 1603 1081 1874">
     <span class='ocr_line' id='line_1_19' title="bbox 95 1603 1055 1663; baseline 0.001 -15"><span class='ocrx_word' id='word_1_182' title='bbox 95 1618 135 1660; x_wconf 86' lang='lat' dir='ltr'><strong>qne</strong></span> <span class='ocrx_word' id='word_1_183' title='bbox 151 1606 238 1647; x_wconf 86' lang='lat' dir='ltr'><strong>enimin</strong></span> <span class='ocrx_word' id='word_1_184' title='bbox 254 1607 337 1661; x_wconf 86' lang='lat' dir='ltr'><strong>propria</strong></span> <span class='ocrx_word' id='word_1_185' title='bbox 353 1612 455 1662; x_wconf 73' lang='lat' dir='ltr'><strong>potestate</strong></span> <span class='ocrx_word' id='word_1_186' title='bbox 470 1608 508 1649; x_wconf 90' lang='lat' dir='ltr'><strong>sita</strong></span> <span class='ocrx_word' id='word_1_187' title='bbox 525 1611 557 1648; x_wconf 91' lang='lat' dir='ltr'><strong>est</strong></span> <span class='ocrx_word' id='word_1_188' title='bbox 572 1605 670 1660; x_wconf 79' lang='lat' dir='ltr'><strong>cogitatio</strong></span> <span class='ocrx_word' id='word_1_189' title='bbox 687 1603 813 1649; x_wconf 86' lang='lat' dir='ltr'><strong>dormientis.</strong></span> <span class='ocrx_word' id='word_1_190' title='bbox 850 1606 899 1648; x_wconf 89' lang='lat' dir='ltr'><strong>Inde</strong></span> <span class='ocrx_word' id='word_1_191' title='bbox 918 1607 980 1662; x_wconf 80' lang='lat' dir='ltr'><strong>igitur</strong></span> <span class='ocrx_word' id='word_1_192' title='bbox 999 1608 1055 1663; x_wconf 80' lang='lat' dir='ltr'><strong>vigi-</strong></span> 
     </span>
     <span class='ocr_line' id='line_1_20' title="bbox 93 1675 1054 1734; baseline 0 -15"><span class='ocrx_word' id='word_1_193' title='bbox 93 1677 154 1719; x_wconf 88' lang='lat' dir='ltr'><strong>lando</strong></span> <span class='ocrx_word' id='word_1_194' title='bbox 170 1690 208 1720; x_wconf 92' lang='lat' dir='ltr'><strong>nos</strong></span> <span class='ocrx_word' id='word_1_195' title='bbox 223 1678 315 1719; x_wconf 83' lang='lat' dir='ltr'><strong>discendi</strong></span> <span class='ocrx_word' id='word_1_196' title='bbox 331 1679 393 1734; x_wconf 86' lang='lat' dir='ltr'><strong>avidi,</strong></span> <span class='ocrx_word' id='word_1_197' title='bbox 409 1678 470 1719; x_wconf 85' lang='lat' dir='ltr'><strong>muita</strong></span> <span class='ocrx_word' id='word_1_198' title='bbox 485 1678 505 1718; x_wconf 93' lang='lat' dir='ltr'><strong>in</strong></span> <span class='ocrx_word' id='word_1_199' title='bbox 521 1677 598 1719; x_wconf 86' lang='lat' dir='ltr'><strong>somnis</strong></span> <span class='ocrx_word' id='word_1_200' title='bbox 615 1676 640 1716; x_wconf 87' lang='lat' dir='ltr'><strong>de</strong></span> <span class='ocrx_word' id='word_1_201' title='bbox 656 1675 699 1717; x_wconf 81' lang='lat' dir='ltr'><strong>aliis</strong></span> <span class='ocrx_word' id='word_1_202' title='bbox 719 1676 848 1732; x_wconf 82' lang='lat' dir='ltr'><strong>qrraerimus,</strong></span> <span class='ocrx_word' id='word_1_203' title='bbox 869 1678 902 1719; x_wconf 91' lang='lat' dir='ltr'><strong>vel</strong></span> <span class='ocrx_word' id='word_1_204' title='bbox 917 1690 959 1719; x_wconf 92' lang='lat' dir='ltr'><strong>non</strong></span> <span class='ocrx_word' id='word_1_205' title='bbox 979 1679 1054 1732; x_wconf 87' lang='lat' dir='ltr'><strong>requi-</strong></span> 
     </span>
     <span class='ocr_line' id='line_1_21' title="bbox 93 1746 1081 1803; baseline 0.004 -14"><span class='ocrx_word' id='word_1_206' title='bbox 93 1754 163 1790; x_wconf 90' lang='lat' dir='ltr'><strong>rentes</strong></span> <span class='ocrx_word' id='word_1_207' title='bbox 179 1747 271 1791; x_wconf 79' lang='lat' dir='ltr'><strong>audimus</strong></span> <span class='ocrx_word' id='word_1_208' title='bbox 287 1762 321 1791; x_wconf 91' lang='lat' dir='ltr'><strong>res</strong></span> <span class='ocrx_word' id='word_1_209' title='bbox 337 1749 361 1790; x_wconf 87' lang='lat' dir='ltr'><strong>ad</strong></span> <span class='ocrx_word' id='word_1_210' title='bbox 378 1762 415 1792; x_wconf 90' lang='lat' dir='ltr'><strong>nos</strong></span> <span class='ocrx_word' id='word_1_211' title='bbox 431 1760 561 1803; x_wconf 79' lang='lat' dir='ltr'>nequaquam</span> <span class='ocrx_word' id='word_1_212' title='bbox 577 1746 716 1802; x_wconf 76' lang='lat' dir='ltr'><strong>pertinentes,</strong></span> <span class='ocrx_word' id='word_1_213' title='bbox 738 1751 784 1788; x_wconf 91' lang='lat' dir='ltr'><strong>ete</strong></span> <span class='ocrx_word' id='word_1_214' title='bbox 807 1760 880 1790; x_wconf 86' lang='lat' dir='ltr'><strong>sornuo</strong></span> <span class='ocrx_word' id='word_1_215' title='bbox 897 1750 979 1795; x_wconf 80' lang='lat' dir='ltr'><strong>excitati</strong></span> <span class='ocrx_word' id='word_1_216' title='bbox 994 1750 1081 1793; x_wconf 82' lang='lat' dir='ltr'><strong>dole-20</strong></span> 
     </span>
     <span class='ocr_line' id='line_1_22' title="bbox 93 1817 966 1874; baseline 0.005 -14"><span class='ocrx_word' id='word_1_217' title='bbox 93 1832 148 1874; x_wconf 88' lang='lat' dir='ltr'><strong>rnus,</strong></span> <span class='ocrx_word' id='word_1_218' title='bbox 164 1830 201 1860; x_wconf 94' lang='lat' dir='ltr'><strong>nos</strong></span> <span class='ocrx_word' id='word_1_219' title='bbox 217 1819 243 1860; x_wconf 89' lang='lat' dir='ltr'><strong>‹ie</strong></span> <span class='ocrx_word' id='word_1_220' title='bbox 258 1819 282 1862; x_wconf 90' lang='lat' dir='ltr'><strong>iis</strong></span> <span class='ocrx_word' id='word_1_221' title='bbox 298 1832 352 1874; x_wconf 88' lang='lat' dir='ltr'><strong>quae</strong></span> <span class='ocrx_word' id='word_1_222' title='bbox 367 1822 421 1862; x_wconf 89' lang='lat' dir='ltr'><strong>seire</strong></span> <span class='ocrx_word' id='word_1_223' title='bbox 437 1820 547 1861; x_wconf 86' lang='lat' dir='ltr'><strong>avebarnus</strong></span> <span class='ocrx_word' id='word_1_224' title='bbox 563 1830 631 1872; x_wconf 90' lang='lat' dir='ltr'><strong>neque</strong></span> <span class='ocrx_word' id='word_1_225' title='bbox 647 1817 737 1859; x_wconf 86' lang='lat' dir='ltr'><strong>audiisse</strong></span> <span class='ocrx_word' id='word_1_226' title='bbox 752 1830 821 1872; x_wconf 85' lang='lat' dir='ltr'><strong>neque</strong></span> <span class='ocrx_word' id='word_1_227' title='bbox 838 1820 966 1874; x_wconf 80' lang='lat' dir='ltr'><strong>explorasse.</strong></span> 
     </span>
    </p>

    <p class='ocr_par' dir='ltr' id='par_1_6' title="bbox 90 1888 1080 2801">
     <span class='ocr_line' id='line_1_23' title="bbox 149 1888 1054 1946; baseline 0.003 -15"><span class='ocrx_word' id='word_1_228' title='bbox 149 1889 189 1931; x_wconf 92' lang='lat' dir='ltr'><strong>XV.</strong></span> <span class='ocrx_word' id='word_1_229' title='bbox 219 1888 250 1930; x_wconf 83' lang='lat' dir='ltr'><strong>Ae</strong></span> <span class='ocrx_word' id='word_1_230' title='bbox 266 1889 343 1932; x_wconf 84' lang='lat' dir='ltr'><strong>Simon:</strong></span> <span class='ocrx_word' id='word_1_231' title='bbox 364 1891 380 1932; x_wconf 94' lang='lat' dir='ltr'><strong>si</strong></span> <span class='ocrx_word' id='word_1_232' title='bbox 397 1890 451 1931; x_wconf 88' lang='lat' dir='ltr'><strong>dieas</strong></span> <span class='ocrx_word' id='word_1_233' title='bbox 467 1891 557 1931; x_wconf 84' lang='lat' dir='ltr'><strong>visiones</strong></span> <span class='ocrx_word' id='word_1_234' title='bbox 578 1900 620 1929; x_wconf 80' lang='lat' dir='ltr'><strong>riou</strong></span> <span class='ocrx_word' id='word_1_235' title='bbox 637 1888 720 1929; x_wconf 85' lang='lat' dir='ltr'><strong>ornuino</strong></span> <span class='ocrx_word' id='word_1_236' title='bbox 741 1901 792 1930; x_wconf 91' lang='lat' dir='ltr'><strong>vera</strong></span> <span class='ocrx_word' id='word_1_237' title='bbox 812 1890 944 1946; x_wconf 79' lang='lat' dir='ltr'><strong>praedicare,</strong></span> <span class='ocrx_word' id='word_1_238' title='bbox 965 1897 1054 1935; x_wconf 84' lang='lat' dir='ltr'><strong>attamen</strong></span> 
     </span>
     <span class='ocr_line' id='line_1_24' title="bbox 93 1960 1054 2018; baseline 0.004 -17"><span class='ocrx_word' id='word_1_239' title='bbox 93 1960 136 2002; x_wconf 93' lang='lat' dir='ltr'><strong>visa</strong></span> <span class='ocrx_word' id='word_1_240' title='bbox 152 1966 172 2002; x_wconf 91' lang='lat' dir='ltr'><strong>et</strong></span> <span class='ocrx_word' id='word_1_241' title='bbox 187 1962 292 2016; x_wconf 86' lang='lat' dir='ltr'><strong>insomnia,</strong></span> <span class='ocrx_word' id='word_1_242' title='bbox 309 1974 362 2016; x_wconf 89' lang='lat' dir='ltr'><strong>quae</strong></span> <span class='ocrx_word' id='word_1_243' title='bbox 378 1962 443 2004; x_wconf 88' lang='lat' dir='ltr'><strong>aDeo</strong></span> <span class='ocrx_word' id='word_1_244' title='bbox 459 1963 571 2017; x_wconf 85' lang='lat' dir='ltr'><strong>mittuntur,</strong></span> <span class='ocrx_word' id='word_1_245' title='bbox 586 1960 637 2003; x_wconf 86' lang='lat' dir='ltr'><strong>falsa</strong></span> <span class='ocrx_word' id='word_1_246' title='bbox 654 1971 695 2001; x_wconf 92' lang='lat' dir='ltr'><strong>non</strong></span> <span class='ocrx_word' id='word_1_247' title='bbox 711 1962 794 2002; x_wconf 92' lang='lat' dir='ltr'><strong>suntin</strong></span> <span class='ocrx_word' id='word_1_248' title='bbox 810 1961 873 2004; x_wconf 88' lang='lat' dir='ltr'><strong>rebus</strong></span> <span class='ocrx_word' id='word_1_249' title='bbox 886 1975 937 2017; x_wconf 85' lang='lat' dir='ltr'><strong>quas</strong></span> <span class='ocrx_word' id='word_1_250' title='bbox 947 1963 990 2005; x_wconf 91' lang='lat' dir='ltr'><strong>vult</strong></span> <span class='ocrx_word' id='word_1_251' title='bbox 1000 1976 1054 2018; x_wconf 91' lang='lat' dir='ltr'><strong>pro-</strong></span> 
     </span>
     <span class='ocr_line' id='line_1_25' title="bbox 92 2030 1054 2089; baseline 0.007 -18"><span class='ocrx_word' id='word_1_252' title='bbox 92 2031 154 2085; x_wconf 76' lang='lat' dir='ltr'><strong>loqui,</strong></span> <span class='ocrx_word' id='word_1_253' title='bbox 184 2032 255 2074; x_wconf 90' lang='lat' dir='ltr'><strong>Petrus</strong></span> <span class='ocrx_word' id='word_1_254' title='bbox 270 2033 305 2074; x_wconf 88' lang='lat' dir='ltr'><strong>ait:</strong></span> <span class='ocrx_word' id='word_1_255' title='bbox 321 2039 378 2075; x_wconf 88' lang='lat' dir='ltr'><strong>reete</strong></span> <span class='ocrx_word' id='word_1_256' title='bbox 395 2034 473 2089; x_wconf 80' lang='lat' dir='ltr'><strong>dixisti,</strong></span> <span class='ocrx_word' id='word_1_257' title='bbox 494 2032 550 2087; x_wconf 88' lang='lat' dir='ltr'><strong>quod</strong></span> <span class='ocrx_word' id='word_1_258' title='bbox 565 2043 606 2073; x_wconf 92' lang='lat' dir='ltr'><strong>uon</strong></span> <span class='ocrx_word' id='word_1_259' title='bbox 621 2031 671 2074; x_wconf 86' lang='lat' dir='ltr'><strong>falsa</strong></span> <span class='ocrx_word' id='word_1_260' title='bbox 687 2030 796 2084; x_wconf 82' lang='lat' dir='ltr'><strong>proferant</strong></span> <span class='ocrx_word' id='word_1_261' title='bbox 811 2045 865 2087; x_wconf 87' lang='lat' dir='ltr'><strong>quae</strong></span> <span class='ocrx_word' id='word_1_262' title='bbox 881 2045 892 2073; x_wconf 88' lang='lat' dir='ltr'><strong>a</strong></span> <span class='ocrx_word' id='word_1_263' title='bbox 907 2034 952 2076; x_wconf 89' lang='lat' dir='ltr'><strong>Deo</strong></span> <span class='ocrx_word' id='word_1_264' title='bbox 969 2037 1054 2078; x_wconf 86' lang='lat' dir='ltr'><strong>rnittun-</strong></span> 
     </span>
     <span class='ocr_line' id='line_1_26' title="bbox 92 2103 1080 2161; baseline 0.001 -17"><span class='ocrx_word' id='word_1_265' title='bbox 92 2108 130 2154; x_wconf 73' lang='lat' dir='ltr'><strong>tur,</strong></span> <span class='ocrx_word' id='word_1_266' title='bbox 161 2103 235 2145; x_wconf 86' lang='lat' dir='ltr'><strong>Verum</strong></span> <span class='ocrx_word' id='word_1_267' title='bbox 250 2104 350 2146; x_wconf 82' lang='lat' dir='ltr'><strong>inoerturn</strong></span> <span class='ocrx_word' id='word_1_268' title='bbox 369 2111 408 2161; x_wconf 84' lang='lat' dir='ltr'><strong>est,</strong></span> <span class='ocrx_word' id='word_1_269' title='bbox 432 2118 458 2146; x_wconf 90' lang='lat' dir='ltr'><strong>an</strong></span> <span class='ocrx_word' id='word_1_270' title='bbox 473 2106 508 2159; x_wconf 88' lang='lat' dir='ltr'><strong>qui</strong></span> <span class='ocrx_word' id='word_1_271' title='bbox 524 2104 573 2146; x_wconf 86' lang='lat' dir='ltr'><strong>vidit</strong></span> <span class='ocrx_word' id='word_1_272' title='bbox 599 2104 700 2147; x_wconf 85' lang='lat' dir='ltr'><strong>somnium</strong></span> <span class='ocrx_word' id='word_1_273' title='bbox 722 2104 794 2145; x_wconf 86' lang='lat' dir='ltr'><strong>aDeo</strong></span> <span class='ocrx_word' id='word_1_274' title='bbox 814 2106 897 2147; x_wconf 83' lang='lat' dir='ltr'><strong>missuro</strong></span> <span class='ocrx_word' id='word_1_275' title='bbox 915 2108 1080 2160; x_wconf 75' lang='lat' dir='ltr'><strong>conspexeritua</strong></span> 
     </span>
     <span class='ocr_line' id='line_1_27' title="bbox 92 2173 1053 2232; baseline 0.007 -18"><span class='ocrx_word' id='word_1_276' title='bbox 92 2173 142 2214; x_wconf 85' lang='lat' dir='ltr'><strong>Turn</strong></span> <span class='ocrx_word' id='word_1_277' title='bbox 160 2173 238 2217; x_wconf 85' lang='lat' dir='ltr'><strong>Sinon:</strong></span> <span class='ocrx_word' id='word_1_278' title='bbox 254 2175 271 2217; x_wconf 93' lang='lat' dir='ltr'><strong>si</strong></span> <span class='ocrx_word' id='word_1_279' title='bbox 283 2176 351 2229; x_wconf 84' lang='lat' dir='ltr'><strong>justus</strong></span> <span class='ocrx_word' id='word_1_280' title='bbox 367 2177 392 2218; x_wconf 87' lang='lat' dir='ltr'><strong>sit</strong></span> <span class='ocrx_word' id='word_1_281' title='bbox 407 2177 440 2218; x_wconf 91' lang='lat' dir='ltr'><strong>ille</strong></span> <span class='ocrx_word' id='word_1_282' title='bbox 456 2177 490 2231; x_wconf 89' lang='lat' dir='ltr'><strong>qni</strong></span> <span class='ocrx_word' id='word_1_283' title='bbox 507 2176 565 2232; x_wconf 88' lang='lat' dir='ltr'><strong>vidit,</strong></span> <span class='ocrx_word' id='word_1_284' title='bbox 581 2187 654 2217; x_wconf 85' lang='lat' dir='ltr'><strong>uerum</strong></span> <span class='ocrx_word' id='word_1_285' title='bbox 666 2175 750 2217; x_wconf 88' lang='lat' dir='ltr'><strong>intuitus</strong></span> <span class='ocrx_word' id='word_1_286' title='bbox 767 2181 804 2217; x_wconf 91' lang='lat' dir='ltr'><strong>est.</strong></span> <span class='ocrx_word' id='word_1_287' title='bbox 841 2175 865 2217; x_wconf 82' lang='lat' dir='ltr'><strong>ut</strong></span> <span class='ocrx_word' id='word_1_288' title='bbox 886 2176 967 2219; x_wconf 90' lang='lat' dir='ltr'><strong>Petrus:</strong></span> <span class='ocrx_word' id='word_1_289' title='bbox 987 2180 1053 2232; x_wconf 84' lang='lat' dir='ltr'><strong>probe</strong></span> 
     </span>
     <span class='ocr_line' id='line_1_28' title="bbox 92 2245 1054 2305; baseline 0.007 -19"><span class='ocrx_word' id='word_1_290' title='bbox 92 2245 171 2288; x_wconf 86' lang='lat' dir='ltr'><strong>loeutus</strong></span> <span class='ocrx_word' id='word_1_291' title='bbox 187 2257 215 2287; x_wconf 92' lang='lat' dir='ltr'><strong>es.</strong></span> <span class='ocrx_word' id='word_1_292' title='bbox 246 2245 295 2294; x_wconf 82' lang='lat' dir='ltr'><strong>Quis</strong></span> <span class='ocrx_word' id='word_1_293' title='bbox 311 2259 362 2288; x_wconf 94' lang='lat' dir='ltr'><strong>vero</strong></span> <span class='ocrx_word' id='word_1_294' title='bbox 375 2248 456 2303; x_wconf 87' lang='lat' dir='ltr'><strong>justus,</strong></span> <span class='ocrx_word' id='word_1_295' title='bbox 472 2248 489 2289; x_wconf 91' lang='lat' dir='ltr'><strong>si</strong></span> <span class='ocrx_word' id='word_1_296' title='bbox 504 2248 548 2290; x_wconf 87' lang='lat' dir='ltr'><strong>viso</strong></span> <span class='ocrx_word' id='word_1_297' title='bbox 564 2247 655 2302; x_wconf 79' lang='lat' dir='ltr'><strong>indigeat</strong></span> <span class='ocrx_word' id='word_1_298' title='bbox 670 2245 695 2287; x_wconf 85' lang='lat' dir='ltr'><strong>ad</strong></span> <span class='ocrx_word' id='word_1_299' title='bbox 713 2246 810 2287; x_wconf 81' lang='lat' dir='ltr'><strong>discenda</strong></span> <span class='ocrx_word' id='word_1_300' title='bbox 826 2260 880 2301; x_wconf 87' lang='lat' dir='ltr'><strong>quae</strong></span> <span class='ocrx_word' id='word_1_301' title='bbox 892 2248 973 2291; x_wconf 78' lang='lat' dir='ltr'><strong>discere</strong></span> <span class='ocrx_word' id='word_1_302' title='bbox 987 2262 1054 2305; x_wconf 91' lang='lat' dir='ltr'><strong>opor-</strong></span> 
     </span>
     <span class='ocr_line' id='line_1_29' title="bbox 92 2315 1053 2377; baseline 0.007 -20"><span class='ocrx_word' id='word_1_303' title='bbox 92 2321 131 2370; x_wconf 87' lang='lat' dir='ltr'><strong>tet,</strong></span> <span class='ocrx_word' id='word_1_304' title='bbox 156 2321 176 2357; x_wconf 96' lang='lat' dir='ltr'><strong>et</strong></span> <span class='ocrx_word' id='word_1_305' title='bbox 191 2315 284 2357; x_wconf 79' lang='lat' dir='ltr'><strong>iacienda</strong></span> <span class='ocrx_word' id='word_1_306' title='bbox 299 2330 353 2370; x_wconf 84' lang='lat' dir='ltr'><strong>quae</strong></span> <span class='ocrx_word' id='word_1_307' title='bbox 368 2318 412 2360; x_wconf 88' lang='lat' dir='ltr'><strong>fieri</strong></span> <span class='ocrx_word' id='word_1_308' title='bbox 433 2319 523 2360; x_wconf 75' lang='lat' dir='ltr'><strong>debent?</strong></span> <span class='ocrx_word' id='word_1_309' title='bbox 554 2318 622 2372; x_wconf 84' lang='lat' dir='ltr'><strong>Atque</strong></span> <span class='ocrx_word' id='word_1_310' title='bbox 638 2317 717 2360; x_wconf 86' lang='lat' dir='ltr'><strong>Simon:</strong></span> <span class='ocrx_word' id='word_1_311' title='bbox 738 2317 779 2358; x_wconf 81' lang='lat' dir='ltr'><strong>noc</strong></span> <span class='ocrx_word' id='word_1_312' title='bbox 803 2318 850 2359; x_wconf 85' lang='lat' dir='ltr'><strong>mihi</strong></span> <span class='ocrx_word' id='word_1_313' title='bbox 870 2321 974 2377; x_wconf 87' lang='lat' dir='ltr'><strong>oonoede,</strong></span> <span class='ocrx_word' id='word_1_314' title='bbox 997 2323 1053 2376; x_wconf 84' lang='lat' dir='ltr'><strong>quod</strong></span> 
     </span>
     <span class='ocr_line' id='line_1_30' title="bbox 92 2387 1052 2446; baseline 0.004 -16"><span class='ocrx_word' id='word_1_315' title='bbox 92 2387 148 2430; x_wconf 83' lang='lat' dir='ltr'><strong>sotus</strong></span> <span class='ocrx_word' id='word_1_316' title='bbox 160 2389 228 2442; x_wconf 79' lang='lat' dir='ltr'><strong>Justus</strong></span> <span class='ocrx_word' id='word_1_317' title='bbox 243 2401 314 2429; x_wconf 89' lang='lat' dir='ltr'><strong>verurn</strong></span> <span class='ocrx_word' id='word_1_318' title='bbox 332 2390 397 2432; x_wconf 86' lang='lat' dir='ltr'><strong>visurn</strong></span> <span class='ocrx_word' id='word_1_319' title='bbox 413 2390 477 2443; x_wconf 89' lang='lat' dir='ltr'><strong>possit</strong></span> <span class='ocrx_word' id='word_1_320' title='bbox 494 2402 586 2446; x_wconf 84' lang='lat' dir='ltr'><strong>eernere,</strong></span> <span class='ocrx_word' id='word_1_321' title='bbox 603 2393 623 2430; x_wconf 90' lang='lat' dir='ltr'><strong>et</strong></span> <span class='ocrx_word' id='word_1_322' title='bbox 639 2388 664 2429; x_wconf 89' lang='lat' dir='ltr'><strong>ad</strong></span> <span class='ocrx_word' id='word_1_323' title='bbox 679 2388 727 2429; x_wconf 88' lang='lat' dir='ltr'><strong>iliud</strong></span> <span class='ocrx_word' id='word_1_324' title='bbox 744 2388 780 2430; x_wconf 89' lang='lat' dir='ltr'><strong>tibi</strong></span> <span class='ocrx_word' id='word_1_325' title='bbox 789 2390 912 2443; x_wconf 84' lang='lat' dir='ltr'><strong>respondeo.</strong></span> <span class='ocrx_word' id='word_1_326' title='bbox 943 2392 1052 2434; x_wconf 86' lang='lat' dir='ltr'><strong>iiiihienirn</strong></span> 
     </span>
     <span class='ocr_line' id='line_1_31' title="bbox 92 2458 1078 2514; baseline 0.006 -16"><span class='ocrx_word' id='word_1_327' title='bbox 92 2458 217 2511; x_wconf 87' lang='lat' dir='ltr'><strong>exploratum</strong></span> <span class='ocrx_word' id='word_1_328' title='bbox 234 2463 275 2514; x_wconf 84' lang='lat' dir='ltr'><strong>est,</strong></span> <span class='ocrx_word' id='word_1_329' title='bbox 291 2472 363 2501; x_wconf 85' lang='lat' dir='ltr'><strong>verum</strong></span> <span class='ocrx_word' id='word_1_330' title='bbox 379 2461 480 2502; x_wconf 84' lang='lat' dir='ltr'><strong>sonnium</strong></span> <span class='ocrx_word' id='word_1_331' title='bbox 495 2461 520 2501; x_wconf 89' lang='lat' dir='ltr'><strong>ab</strong></span> <span class='ocrx_word' id='word_1_332' title='bbox 536 2460 597 2513; x_wconf 86' lang='lat' dir='ltr'><strong>inpio</strong></span> <span class='ocrx_word' id='word_1_333' title='bbox 613 2471 654 2500; x_wconf 91' lang='lat' dir='ltr'><strong>non</strong></span> <span class='ocrx_word' id='word_1_334' title='bbox 671 2459 742 2500; x_wconf 87' lang='lat' dir='ltr'><strong>videri.</strong></span> <span class='ocrx_word' id='word_1_335' title='bbox 774 2459 824 2500; x_wconf 87' lang='lat' dir='ltr'><strong>Turn</strong></span> <span class='ocrx_word' id='word_1_336' title='bbox 835 2460 915 2502; x_wconf 84' lang='lat' dir='ltr'><strong>Petrus:</strong></span> <span class='ocrx_word' id='word_1_337' title='bbox 931 2462 971 2505; x_wconf 89' lang='lat' dir='ltr'><strong>hoo</strong></span> <span class='ocrx_word' id='word_1_338' title='bbox 980 2462 1078 2504; x_wconf 69' lang='lat' dir='ltr'><strong>falsumne</strong></span> 
     </span>
     <span class='ocr_line' id='line_1_32' title="bbox 92 2527 1076 2584; baseline 0.011 -14"><span class='ocrx_word' id='word_1_339' title='bbox 92 2534 127 2571; x_wconf 88' lang='lat' dir='ltr'><strong>est.</strong></span> <span class='ocrx_word' id='word_1_340' title='bbox 157 2527 224 2582; x_wconf 85' lang='lat' dir='ltr'><strong>Atque</strong></span> <span class='ocrx_word' id='word_1_341' title='bbox 240 2541 265 2569; x_wconf 88' lang='lat' dir='ltr'><strong>ea</strong></span> <span class='ocrx_word' id='word_1_342' title='bbox 280 2529 306 2570; x_wconf 85' lang='lat' dir='ltr'><strong>de</strong></span> <span class='ocrx_word' id='word_1_343' title='bbox 321 2543 345 2572; x_wconf 93' lang='lat' dir='ltr'><strong>re</strong></span> <span class='ocrx_word' id='word_1_344' title='bbox 361 2532 405 2572; x_wconf 92' lang='lat' dir='ltr'><strong>sine</strong></span> <span class='ocrx_word' id='word_1_345' title='bbox 421 2530 530 2584; x_wconf 85' lang='lat' dir='ltr'><strong>Scripturis</strong></span> <span class='ocrx_word' id='word_1_346' title='bbox 546 2536 566 2572; x_wconf 93' lang='lat' dir='ltr'><strong>et</strong></span> <span class='ocrx_word' id='word_1_347' title='bbox 579 2542 616 2584; x_wconf 89' lang='lat' dir='ltr'><strong>per</strong></span> <span class='ocrx_word' id='word_1_348' title='bbox 631 2528 746 2583; x_wconf 78' lang='lat' dir='ltr'><strong>Scripturas</strong></span> <span class='ocrx_word' id='word_1_349' title='bbox 768 2542 852 2584; x_wconf 87' lang='lat' dir='ltr'><strong>possum</strong></span> <span class='ocrx_word' id='word_1_350' title='bbox 873 2531 947 2575; x_wconf 86' lang='lat' dir='ltr'><strong>aiierre</strong></span> <span class='ocrx_word' id='word_1_351' title='bbox 963 2535 1052 2577; x_wconf 85' lang='lat' dir='ltr'><strong>demon·</strong></span> <span class='ocrx_word' id='word_1_352' title='bbox 1074 2576 1076 2581; x_wconf 87' lang='lat'><em>.</em></span> 
     </span>
     <span class='ocr_line' id='line_1_33' title="bbox 91 2599 1051 2660; baseline 0.008 -19"><span class='ocrx_word' id='word_1_353' title='bbox 91 2599 221 2653; x_wconf 80' lang='lat' dir='ltr'><strong>strationem,</strong></span> <span class='ocrx_word' id='word_1_354' title='bbox 236 2600 364 2652; x_wconf 86' lang='lat' dir='ltr'><strong>persuadere</strong></span> <span class='ocrx_word' id='word_1_355' title='bbox 380 2607 446 2643; x_wconf 83' lang='lat' dir='ltr'><strong>autern</strong></span> <span class='ocrx_word' id='word_1_356' title='bbox 462 2614 504 2642; x_wconf 87' lang='lat' dir='ltr'><strong>non</strong></span> <span class='ocrx_word' id='word_1_357' title='bbox 520 2602 625 2656; x_wconf 87' lang='lat' dir='ltr'><strong>poiiieeor.</strong></span> <span class='ocrx_word' id='word_1_358' title='bbox 654 2600 705 2641; x_wconf 81' lang='lat' dir='ltr'><strong>Natu</strong></span> <span class='ocrx_word' id='word_1_359' title='bbox 721 2601 756 2654; x_wconf 87' lang='lat' dir='ltr'><strong>qui</strong></span> <span class='ocrx_word' id='word_1_360' title='bbox 772 2602 792 2642; x_wconf 94' lang='lat' dir='ltr'><strong>in</strong></span> <span class='ocrx_word' id='word_1_361' title='bbox 809 2615 900 2645; x_wconf 85' lang='lat' dir='ltr'><strong>amorem</strong></span> <span class='ocrx_word' id='word_1_362' title='bbox 915 2618 992 2660; x_wconf 86' lang='lat' dir='ltr'><strong>pravae</strong></span> <span class='ocrx_word' id='word_1_363' title='bbox 1004 2619 1051 2648; x_wconf 86' lang='lat' dir='ltr'><strong>ruu-</strong></span> 
     </span>
     <span class='ocr_line' id='line_1_34' title="bbox 90 2669 1050 2731; baseline 0.009 -20"><span class='ocrx_word' id='word_1_364' title='bbox 90 2670 145 2713; x_wconf 91' lang='lat' dir='ltr'><strong>lieris</strong></span> <span class='ocrx_word' id='word_1_365' title='bbox 160 2669 283 2725; x_wconf 80' lang='lat' dir='ltr'><strong>propendet,</strong></span> <span class='ocrx_word' id='word_1_366' title='bbox 306 2673 326 2712; x_wconf 89' lang='lat' dir='ltr'><strong>in</strong></span> <span class='ocrx_word' id='word_1_367' title='bbox 343 2674 426 2716; x_wconf 88' lang='lat' dir='ltr'><strong>alterius</strong></span> <span class='ocrx_word' id='word_1_368' title='bbox 441 2674 531 2728; x_wconf 85' lang='lat' dir='ltr'><strong>undique</strong></span> <span class='ocrx_word' id='word_1_369' title='bbox 547 2673 666 2728; x_wconf 79' lang='lat' dir='ltr'><strong>praeclarae</strong></span> <span class='ocrx_word' id='word_1_370' title='bbox 682 2672 814 2715; x_wconf 79' lang='lat' dir='ltr'><strong>dilectionem</strong></span> <span class='ocrx_word' id='word_1_371' title='bbox 830 2675 855 2717; x_wconf 84' lang='lat' dir='ltr'><strong>ad</strong></span> <span class='ocrx_word' id='word_1_372' title='bbox 871 2676 982 2731; x_wconf 74' lang='lat' dir='ltr'><strong>legitimum</strong></span> <span class='ocrx_word' id='word_1_373' title='bbox 997 2690 1050 2720; x_wconf 91' lang='lat' dir='ltr'><strong>eon-</strong></span> 
     </span>
     <span class='ocr_line' id='line_1_35' title="bbox 90 2741 1050 2801; baseline 0.008 -18"><span class='ocrx_word' id='word_1_374' title='bbox 90 2742 165 2783; x_wconf 86' lang='lat' dir='ltr'><strong>riotum</strong></span> <span class='ocrx_word' id='word_1_375' title='bbox 180 2753 221 2782; x_wconf 89' lang='lat' dir='ltr'><strong>nou</strong></span> <span class='ocrx_word' id='word_1_376' title='bbox 236 2741 333 2785; x_wconf 80' lang='lat' dir='ltr'><strong>transfert</strong></span> <span class='ocrx_word' id='word_1_377' title='bbox 349 2746 444 2789; x_wconf 77' lang='lat' dir='ltr'><strong>animum.</strong></span> <span class='ocrx_word' id='word_1_378' title='bbox 474 2745 499 2787; x_wconf 86' lang='lat' dir='ltr'><strong>Et</strong></span> <span class='ocrx_word' id='word_1_379' title='bbox 515 2744 630 2800; x_wconf 81' lang='lat' dir='ltr'><strong>aliquando,</strong></span> <span class='ocrx_word' id='word_1_380' title='bbox 648 2743 682 2798; x_wconf 89' lang='lat' dir='ltr'><strong>qui</strong></span> <span class='ocrx_word' id='word_1_381' title='bbox 697 2749 744 2785; x_wconf 87' lang='lat' dir='ltr'><strong>sunt</strong></span> <span class='ocrx_word' id='word_1_382' title='bbox 759 2744 798 2787; x_wconf 87' lang='lat' dir='ltr'><strong>siti</strong></span> <span class='ocrx_word' id='word_1_383' title='bbox 809 2748 886 2788; x_wconf 91' lang='lat' dir='ltr'><strong>oonsoii</strong></span> <span class='ocrx_word' id='word_1_384' title='bbox 896 2749 1050 2801; x_wconf 84' lang='lat' dir='ltr'><strong>praestantioris</strong></span> 
     </span>
    </p>
   </div>
   <div class='ocr_carea' id='block_1_4' title="bbox 90 2876 1051 3274">
    <p class='ocr_par' dir='ltr' id='par_1_7' title="bbox 90 2876 1051 3274">
     <span class='ocr_line' id='line_1_36' title="bbox 121 2876 966 2934; baseline 0.011 -18"><span class='ocrx_word' id='word_1_385' title='bbox 121 2882 138 2918; x_wconf 88' lang='lat'><strong>1.</strong></span> <span class='ocrx_word' id='word_1_386' title='bbox 170 2876 189 2918; x_wconf 84' lang='grc' dir='ltr'><strong>σῖ</strong></span> <span class='ocrx_word' id='word_1_387' title='bbox 208 2880 396 2932; x_wconf 78' lang='grc' dir='ltr'><strong><em>παρεπιθυμσῦνιες</em></strong></span> <span class='ocrx_word' id='word_1_388' title='bbox 416 2895 434 2932; x_wconf 92' lang='lat' dir='ltr'><strong>p.</strong></span> <span class='ocrx_word' id='word_1_389' title='bbox 448 2878 502 2934; x_wconf 82' lang='grc' dir='ltr'><strong><em>όιιαρ</em></strong></span> <span class='ocrx_word' id='word_1_390' title='bbox 518 2879 557 2921; x_wconf 79' lang='grc' dir='ltr'><strong><em>εἰει-</em></strong></span> <span class='ocrx_word' id='word_1_391' title='bbox 612 2883 629 2919; x_wconf 80' lang='grc'><strong>5.</strong></span> <span class='ocrx_word' id='word_1_392' title='bbox 659 2882 694 2918; x_wconf 79' lang='lat' dir='ltr'><strong>Pro</strong></span> <span class='ocrx_word' id='word_1_393' title='bbox 711 2877 740 2925; x_wconf 73' lang='grc' dir='ltr'><strong>τίς</strong></span> <span class='ocrx_word' id='word_1_394' title='bbox 757 2882 771 2920; x_wconf 87' lang='lat'>0</span> <span class='ocrx_word' id='word_1_395' title='bbox 788 2885 865 2932; x_wconf 77' lang='lat' dir='ltr'><strong>praebet</strong></span> <span class='ocrx_word' id='word_1_396' title='bbox 879 2885 966 2922; x_wconf 78' lang='lat' dir='ltr'><strong>lacunam.</strong></span> 
     </span>
     <span class='ocr_line' id='line_1_37' title="bbox 90 2934 1050 2992; baseline 0.005 -13"><span class='ocrx_word' id='word_1_397' title='bbox 90 2936 201 2990; x_wconf 78' lang='grc' dir='ltr'><strong><em>θυμσόντες</em></strong></span> <span class='ocrx_word' id='word_1_398' title='bbox 218 2939 238 2977; x_wconf 77' lang='lat' dir='ltr'><strong>G.</strong></span> <span class='ocrx_word' id='word_1_399' title='bbox 612 2946 629 2979; x_wconf 80' lang='lat'><strong>6.</strong></span> <span class='ocrx_word' id='word_1_400' title='bbox 658 2934 724 2991; x_wconf 74' lang='grc' dir='ltr'><strong><em>χρῄζει</em></strong></span> <span class='ocrx_word' id='word_1_401' title='bbox 740 2940 761 2980; x_wconf 89' lang='grc'><strong>0.</strong></span> <span class='ocrx_word' id='word_1_402' title='bbox 797 2944 840 2980; x_wconf 88' lang='lat' dir='ltr'><strong>Turn</strong></span> <span class='ocrx_word' id='word_1_403' title='bbox 862 2942 908 2992; x_wconf 71' lang='grc' dir='ltr'><strong><em>ποιῇ</em></strong></span> <span class='ocrx_word' id='word_1_404' title='bbox 928 2954 950 2979; x_wconf 84' lang='lat' dir='ltr'><strong>ex</strong></span> <span class='ocrx_word' id='word_1_405' title='bbox 970 2945 1050 2992; x_wconf 84' lang='lat' dir='ltr'><strong>eerrject.</strong></span> 
     </span>
     <span class='ocr_line' id='line_1_38' title="bbox 120 2994 911 3050; baseline 0.004 -14"><span class='ocrx_word' id='word_1_406' title='bbox 120 3002 139 3037; x_wconf 82' lang='lat'><strong>2.</strong></span> <span class='ocrx_word' id='word_1_407' title='bbox 170 2994 307 3050; x_wconf 75' lang='grc' dir='ltr'><strong><em>ἐπεθυμοῦμεν</em></strong></span> <span class='ocrx_word' id='word_1_408' title='bbox 323 2998 351 3046; x_wconf 90' lang='grc'><strong>0,</strong></span> <span class='ocrx_word' id='word_1_409' title='bbox 375 3005 394 3038; x_wconf 92' lang='lat' dir='ltr'><strong>ut</strong></span> <span class='ocrx_word' id='word_1_410' title='bbox 409 3002 457 3049; x_wconf 83' lang='lat' dir='ltr'><strong>eorrj.</strong></span> <span class='ocrx_word' id='word_1_411' title='bbox 474 3001 497 3047; x_wconf 83' lang='lat' dir='ltr'><strong>S,</strong></span> <span class='ocrx_word' id='word_1_412' title='bbox 517 2997 556 3039; x_wconf 83' lang='grc' dir='ltr'><strong><em>ἐπι·</em></strong></span> <span class='ocrx_word' id='word_1_413' title='bbox 581 2999 609 3049; x_wconf 81' lang='lat' dir='ltr'><strong>oi,</strong></span> <span class='ocrx_word' id='word_1_414' title='bbox 625 3002 689 3038; x_wconf 82' lang='grc' dir='ltr'><strong><em>ποιεῖν</em></strong></span> <span class='ocrx_word' id='word_1_415' title='bbox 705 3004 782 3049; x_wconf 84' lang='lat' dir='ltr'><strong>uterque</strong></span> <span class='ocrx_word' id='word_1_416' title='bbox 797 3002 848 3044; x_wconf 82' lang='lat' dir='ltr'><strong>Horn</strong></span> <span class='ocrx_word' id='word_1_417' title='bbox 866 3002 911 3039; x_wconf 81' lang='lat' dir='ltr'><strong>cod.</strong></span> 
     </span>
     <span class='ocr_line' id='line_1_39' title="bbox 90 3051 1051 3113; baseline 0.006 -18"><span class='ocrx_word' id='word_1_418' title='bbox 90 3056 192 3109; x_wconf 79' lang='grc' dir='ltr'><strong><em>θνμοῦμεν</em></strong></span> <span class='ocrx_word' id='word_1_419' title='bbox 208 3057 227 3095; x_wconf 83' lang='lat' dir='ltr'><strong>C.</strong></span> <span class='ocrx_word' id='word_1_420' title='bbox 449 3051 450 3057; x_wconf 38' lang='lat'>¹</span> <span class='ocrx_word' id='word_1_421' title='bbox 610 3058 628 3097; x_wconf 85' lang='lat'><strong>7.</strong></span> <span class='ocrx_word' id='word_1_422' title='bbox 659 3058 699 3096; x_wconf 90' lang='lat' dir='ltr'><strong>Non</strong></span> <span class='ocrx_word' id='word_1_423' title='bbox 714 3060 782 3113; x_wconf 81' lang='lat' dir='ltr'><strong>legitur</strong></span> <span class='ocrx_word' id='word_1_424' title='bbox 797 3057 848 3110; x_wconf 84' lang='grc' dir='ltr'><strong><em>πρός</em></strong></span> <span class='ocrx_word' id='word_1_425' title='bbox 869 3060 886 3097; x_wconf 91' lang='lat' dir='ltr'><strong>in</strong></span> <span class='ocrx_word' id='word_1_426' title='bbox 903 3060 985 3099; x_wconf 85' lang='lat' dir='ltr'><strong>Turriani</strong></span> <span class='ocrx_word' id='word_1_427' title='bbox 1005 3064 1051 3113; x_wconf 85' lang='lat' dir='ltr'><strong>Epi-</strong></span> 
     </span>
     <span class='ocr_line' id='line_1_40' title="bbox 121 3113 1050 3166; baseline 0.01 -12"><span class='ocrx_word' id='word_1_428' title='bbox 121 3119 139 3154; x_wconf 87' lang='lat'><strong>3.</strong></span> <span class='ocrx_word' id='word_1_429' title='bbox 170 3113 289 3166; x_wconf 74' lang='grc' dir='ltr'><strong><em>ἐζητήσαμεν</em></strong></span> <span class='ocrx_word' id='word_1_430' title='bbox 298 3117 346 3164; x_wconf 83' lang='lat' dir='ltr'><strong>conj.</strong></span> <span class='ocrx_word' id='word_1_431' title='bbox 355 3118 556 3164; x_wconf 72' lang='lat' dir='ltr'><strong>Schlienanuusclern.</strong></span> <span class='ocrx_word' id='word_1_432' title='bbox 581 3118 628 3155; x_wconf 88' lang='lat' dir='ltr'><strong>stola</strong></span> <span class='ocrx_word' id='word_1_433' title='bbox 644 3117 721 3157; x_wconf 82' lang='lat' dir='ltr'><strong>liminari</strong></span> <span class='ocrx_word' id='word_1_434' title='bbox 738 3120 760 3156; x_wconf 90' lang='lat' dir='ltr'><strong>ad</strong></span> <span class='ocrx_word' id='word_1_435' title='bbox 777 3119 864 3164; x_wconf 81' lang='lat' dir='ltr'><strong>Hosiurn,</strong></span> <span class='ocrx_word' id='word_1_436' title='bbox 881 3120 911 3157; x_wconf 95' lang='lat' dir='ltr'><strong>ubi</strong></span> <span class='ocrx_word' id='word_1_437' title='bbox 927 3121 989 3161; x_wconf 86' lang='lat' dir='ltr'><strong>loourn</strong></span> <span class='ocrx_word' id='word_1_438' title='bbox 1001 3123 1050 3162; x_wconf 83' lang='lat' dir='ltr'><strong>citat.</strong></span> 
     </span>
     <span class='ocr_line' id='line_1_41' title="bbox 91 3176 867 3223; baseline 0.006 -11"><span class='ocrx_word' id='word_1_439' title='bbox 91 3187 109 3223; x_wconf 85' lang='lat' dir='ltr'><strong>p.</strong></span> <span class='ocrx_word' id='word_1_440' title='bbox 127 3177 173 3213; x_wconf 82' lang='lat'>191.</span> <span class='ocrx_word' id='word_1_441' title='bbox 191 3176 273 3215; x_wconf 61' lang='lat' dir='ltr'><strong>titus.</strong></span> <span class='ocrx_word' id='word_1_442' title='bbox 582 3177 601 3214; x_wconf 81' lang='lat' dir='ltr'><strong>G.</strong></span> <span class='ocrx_word' id='word_1_443' title='bbox 632 3177 689 3216; x_wconf 90' lang='lat' dir='ltr'><strong>Deest</strong></span> <span class='ocrx_word' id='word_1_444' title='bbox 705 3178 757 3216; x_wconf 84' lang='lat' dir='ltr'><strong>otiam</strong></span> <span class='ocrx_word' id='word_1_445' title='bbox 772 3178 789 3215; x_wconf 92' lang='lat' dir='ltr'><strong>in</strong></span> <span class='ocrx_word' id='word_1_446' title='bbox 806 3178 867 3217; x_wconf 78' lang='lat' dir='ltr'><strong>ouot.</strong></span> 
     </span>
     <span class='ocr_line' id='line_1_42' title="bbox 120 3229 678 3274; baseline 0.002 -1"><span class='ocrx_word' id='word_1_447' title='bbox 120 3237 139 3273; x_wconf 88' lang='grc'><strong>4.</strong></span> <span class='ocrx_word' id='word_1_448' title='bbox 170 3229 226 3274; x_wconf 70' lang='grc' dir='ltr'><strong><em>εἰδῶν</em></strong></span> <span class='ocrx_word' id='word_1_449' title='bbox 242 3234 264 3273; x_wconf 92' lang='lat'><strong>0.</strong></span> <span class='ocrx_word' id='word_1_450' title='bbox 676 3252 678 3257; x_wconf 93' lang='lat'>·</span> 
     </span>
    </p>
   </div>
   <div class='ocr_carea' id='block_1_5' title="bbox 0 0 1142 3612">
    <p class='ocr_par' dir='ltr' id='par_1_8' title="bbox 0 0 1142 3612">
     <span class='ocr_line' id='line_1_43' title="bbox 0 0 1142 3612; baseline 0 0"><span class='ocrx_word' id='word_1_451' title='bbox 0 0 1142 3612; x_wconf 95' lang='lat' dir='ltr'><strong> </strong></span> 
     </span>
    </p>
   </div>
  </div>
 </body>
</html>
