2276 3612
555 246 596 291 rae
954 245 984 297 u,
1001 247 1020 285 ε.
1038 248 1055 285 e.

152 367 175 409 V.
209 366 297 425 Κρόνον
313 364 355 415 οὖν
372 363 411 412 τὸν
427 358 509 423 χρόνον
524 382 564 421 μοι
580 361 635 418 νόει,
649 362 693 422 τήν
708 365 731 409 δὲ
746 361 817 408 Ῥέαν
833 356 859 406 τὸ
871 360 922 420 ῥίον
936 362 977 418 τοῖς
987 357 1057 419 typos

95 433 183 486 ου’σίας·
205 435 239 483 ὅτι
260 436 329 499 χρόνῳ
351 436 466 495 φερομένη
487 433 502 490 ιγ
520 433 565 491 aliq
588 432 664 481 σίπασα
684 433 758 492 ὥσπερ
774 430 818 479 cido
833 429 874 477 τὸν
891 427 968 476 πάντα
984 435 1057 489 περιέ-

94 522 164 564 χοντα
180 510 309 566 σφαιροειδῆ
326 501 455 560 theodacro
471 502 579 560 ου’ρανόν·
603 502 658 563 ὅπερ
673 501 720 550 κατ’
736 501 807 565 σῖρχοίς
822 505 866 550 coni
885 502 985 561 γονίμον
1000 520 1057 559 μνε-

96 576 137 620 tob
153 579 234 635 πλῆρες
249 575 293 634 ἦν,
313 575 341 625 ὥς
355 572 403 619 σίν1
426 585 523 633 στοιχεῖα
539 577 574 620 καί
589 575 696 634 χρώματα
712 573 851 620 παντοδαποί
867 577 964 618 ἐντενεῖν
987 568 1057 619 δεινοί-

94 664 178 701 μενον,
192 651 228 694 ναί
243 647 303 703 ὅμως
318 642 474 701 παντοδαπὴν
489 650 512 690 εἰι
527 649 583 702 μισῖς
604 644 680 695 ον’σίας
694 664 719 690 τε
733 646 768 689 ναὶ
783 642 900 705 χρώματος
924 641 975 694 ἑνὸς
991 647 1055 702 ε”φερε
1073 650 1082 681 t

95 714 137 774 cqc
154 718 291 775 φαντασίαν.
327 712 403 771 ὥσπερ
421 710 464 772 yde
479 718 503 759 ἐν
525 716 554 772 τῷ
574 716 616 759 τοῦ
640 710 683 758 ταν)
704 712 830 771 γεννήματι
844 712 876 760 ,ἓν
891 713 996 769 plocen}
1011 711 1056 756 σιόὐ

95 792 171 848 χρῶμα
188 792 257 841 δονεῖ,
273 785 369 842 δανοίμει
385 786 408 831 δὲ
424 787 495 844 poplo
512 791 556 847 ἔχει
570 784 673 840 dodorim]
682 784 723 829 aon]
732 784 1056 842 με’λλοντοςτελεσφορεῖσδαι

96 858 215 919 χρώματα,
230 857 301 907 οὕτως
317 857 353 901 ναὶ
369 853 394 901 τό
412 861 433 908 ἐξ
448 853 545 913 σίπείροσ
560 853 616 913 τ’)’λιγς
631 851 764 910 οἷποιισιγδὲν
781 855 886 912 ὲζιιψνχον
901 851 956 907 ello,
976 859 1000 900 ἐν
1016 856 1056 911 eope

96 926 246 986 ὑποκειμένης
261 928 297 972 ναὶ
313 922 346 971 det
363 923 458 986 ρεοιίσιγς
473 923 530 982 altae
546 925 696 981 κινούμενον,
717 917 868 971 παντοδαπδς
889 924 989 979 ἐκφαίνει
1004 941 1056 981 τρο-

96 994 149 1047 πσίς.
178 998 276 1042 ἔνδοθεν
291 990 335 1054 peip
350 1001 390 1053 cqc
406 996 550 1055 περιφερείας
567 991 623 1051 ζῶόν
638 1011 659 1039 τι
676 989 818 1050 σίρρενόδιγλν
839 991 983 1038 εἰδοποιεῑται
998 1012 1054 1051 προ·
1062 999 1082 1034 10

96 1069 148 1126 νοίιγ
162 1066 204 1112 τοῦ
216 1065 307 1116 ἐνόντος
326 1071 350 1111 ἐν
370 1064 432 1126 αὐτῷ
453 1068 521 1112 θείαν
543 1065 690 1122 πνεύματος,
712 1060 739 1108 ὃν
757 1059 851 1119 Φιίνιγτα
866 1057 966 1119 Ὀρφεύς
987 1065 1057 1118 ναλεῑ,

97 1134 132 1181 ὅτι
148 1133 222 1183 αὐτού
238 1139 349 1193 φανέντος
365 1133 390 1182 τὸ
407 1138 454 1183 πεῖν
471 1143 492 1192 ἐξ
509 1135 581 1184 αὐτού
594 1138 712 1193 ἔλαμψεν,
735 1134 764 1192 τῷ
781 1133 857 1191 φέγγει
876 1133 918 1176 τού
935 1131 1058 1191 διαπρεπε-

99 1205 182 1251 στσίτον
196 1207 241 1251 τῶν
257 1210 369 1268 στοιχείων
385 1205 455 1265 πνρὸς
465 1212 488 1254 ἐν
497 1209 526 1266 τῷ
536 1204 594 1266 ὑγρῷ
605 1204 821 1262 τελεσφοροσμένον.
853 1203 888 1247 ταί
900 1201 940 1246 οὐκ
950 1199 1058 1258 dococto,

97 1274 132 1320 ὅτι
148 1276 183 1321 ναὶ
198 1277 235 1320 ἐπὶ
251 1277 421 1335 λαμπνρίδαινῖ,
442 1277 564 1335 δείγματος
582 1276 684 1330 εἴνειιαὸ,
707 1272 722 1331 ἡ
745 1272 812 1330 φύσις
834 1271 891 1329 ἡμῖν
909 1268 966 1331 ὀροῖν
985 1269 1058 1333 ιίγρὸν

98 1346 145 1401 φας
161 1339 294 1401 ἐδωρήσατο.
1063 1353 1083 1386 15

154 1414 186 1457 VI.
220 1410 252 1458 Tb
266 1418 311 1472 ,mbo
327 1410 369 1460 οὖν
385 1414 577 1472 πρωτοσδστατον
592 1409 636 1459 ὠὸν
649 1410 837 1469 δποθερμανδὲν
852 1406 898 1457 ded
913 1412 954 1455 τοῦ
970 1415 1058 1457 ἔσωθεν

99 1482 156 1539 §olon
165 1481 281 1544 opporteat,
297 1489 375 1529 ἔπειτα
389 1485 412 1529 δὲ
425 1484 567 1542 μορφωθὲν4
583 1485 714 1544 προέρχεται
724 1479 804 1527 ὁποῖόν
812 1501 834 1528 τι
843 1482 879 1528 ταὶ
890 1479 981 1539 Ορφειίς
993 1484 1059 1540 λέγει,

249 1578 276 1586 -
291 1553 418 1611 αραναίον5
435 1556 569 1615 σχισθέντος
585 1553 738 1615 πολνχανδέσς
754 1549 806 1596 mori.

156 1696 179 1738 V.
209 1695 317 1740 Saturnum
331 1697 394 1752 igitur
409 1696 456 1739 mihi
471 1703 519 1752 puta
540 1708 587 1740 esse
606 1702 696 1751 tempus,
719 1695 797 1737 Rheam
818 1707 869 1737 vero
893 1693 941 1737 illud
963 1694 1058 1740 humidae

99 1767 235 1823 substantiae,
251 1767 307 1821 quod
323 1768 375 1810 lluit:
391 1769 438 1822 quia
454 1781 492 1822 per
507 1774 587 1821 tempus
603 1772 684 1810 uersata
707 1766 773 1807 omnis
791 1766 887 1820 materia,
908 1767 964 1809 velut
991 1777 1085 1825 ovum,ao

100 1839 178 1881 caelum
194 1838 249 1893 quod
261 1839 369 1880 rotundum
386 1844 417 1880 est
435 1839 533 1893 quodque
549 1838 617 1880 onmia
632 1837 784 1891 complectitur,
800 1837 885 1890 peperit.
919 1837 978 1885 Quod
996 1852 1058 1881 ovum

99 1910 198 1963 principio
214 1908 301 1950 fecunda
316 1909 403 1950 medulla
418 1909 500 1963 plenum
516 1909 562 1965 luit,
582 1908 656 1963 quippe
673 1908 729 1962 qnod
744 1912 816 1962 posset
832 1907 932 1949 clementa
953 1915 973 1951 et
989 1912 1058 1952 omni-

99 1992 164 2034 genas
180 1979 259 2033 species
274 1979 398 2035 procreare,
414 1983 503 2020 attamen
519 1978 649 2032 omnigenam
665 1990 691 2018 ex
706 1989 746 2018 una
762 1977 874 2020 substantia
890 1991 972 2033 unaque
988 1982 1058 2034 specie

99 2051 144 2093 tulit
158 2051 272 2104 imaginem.
302 2049 358 2092 Sicut
374 2049 428 2091 enim
449 2048 469 2089 in
485 2049 570 2102 pavonis
586 2047 630 2089 letu
651 2059 705 2090 nnus
728 2047 810 2101 quidem
831 2048 865 2090 ovi
886 2049 968 2091 videtur
993 2052 1058 2108 color,

100 2125 202 2174 potestate
218 2122 285 2160 autem
301 2120 354 2161 mille
368 2120 390 2161 in
405 2131 428 2161 se
443 2118 506 2161 habet
520 2119 639 2173 perficiendi
655 2118 746 2160 animalis
763 2119 854 2161 colores:
878 2121 905 2162 ita
926 2126 946 2162 et
962 2122 1017 2176 quod
1032 2134 1084 2165 exoa

100 2191 199 2234 immensa
214 2190 298 2231 materia
315 2190 405 2244 genitum
422 2196 453 2232 est
469 2203 531 2234 ovum
547 2190 665 2240 animatum,
690 2201 716 2230 ex
732 2189 824 2244 subjecta
843 2202 967 2245 semperque
982 2192 1059 2234 fluente

101 2261 186 2304 materia
201 2265 334 2316 commotum,
351 2260 478 2303 omnimodas
494 2261 571 2303 exserit
591 2260 719 2301 mutationes.
757 2259 811 2302 Intra
833 2262 886 2303 enim
908 2262 1060 2306 circumferen-

100 2332 148 2374 tiam
163 2331 245 2385 aliquod
260 2331 341 2387 animal,
358 2332 414 2385 quod
431 2337 461 2374 est
480 2330 659 2384 masculofemina,
677 2343 715 2385 per
738 2330 878 2375 inexsistentis
894 2332 956 2374 divini
978 2334 1060 2388 spiritus

100 2403 248 2456 providentiam
264 2401 373 2458 ieiunatur,
390 2403 446 2457 quod
460 2403 570 2445 Phanetem
586 2402 679 2456 Orpheus
694 2407 766 2457 vocat,
791 2403 838 2456 quia
861 2415 906 2445 cum
926 2405 1060 2459 apparuisset,

101 2475 221 2516 universum
237 2484 263 2513 ex
277 2472 322 2525 ipso
338 2472 403 2528 fulsit,
420 2474 513 2516 nimirum
529 2473 639 2527 splendore
654 2473 707 2527 ignis
724 2472 874 2515 elementorum
889 2474 1086 2528 Jexoellentissimiao

101 2544 121 2586 in
137 2543 253 2586 humiditate
268 2542 368 2595 perlecto.
399 2543 472 2598 Neque
488 2545 508 2586 id
523 2544 654 2599 incredibile,
681 2542 849 2597 quandoquidem
872 2549 892 2585 et
907 2545 928 2585 in
949 2546 1060 2601 cicindelis,

103 2615 190 2669 exempli
205 2614 280 2669 gratia,
296 2619 367 2656 natura
382 2614 441 2657 nobis
457 2615 561 2658 concessit
577 2613 679 2655 humidum
695 2613 764 2654 lumen
781 2614 921 2668 contemplari.

160 2685 191 2728 Vl.
221 2683 286 2725 Ovum
300 2684 362 2738 igitur
378 2685 434 2739 quod
448 2686 514 2739 primo
532 2685 632 2740 constitit,
657 2696 703 2724 cum
726 2682 848 2726 calefactum
872 2690 938 2740 esset,
960 2687 1059 2740 rumpitur

103 2757 196 2798 abintus
212 2755 279 2808 posito
295 2756 384 2797 animali:
400 2761 471 2809 postea
487 2769 538 2798 vero
554 2757 619 2798 l'orma
635 2759 718 2808 accepta
741 2756 810 2808 prodit
832 2756 865 2797 illa
887 2757 977 2813 species,
999 2768 1059 2809 quam

103 2833 124 2870 et
139 2827 233 2882 Orpheus
249 2825 356 2881 describit,
1065 2832 1085 2866 as

248 2920 275 2927 κ
291 2897 383 2950 disrupto
399 2901 451 2937 testo
466 2896 500 2937 σοι’
515 2896 570 2950 quod
585 2900 657 2937 cuncto
672 2895 760 2938 tenebct.

134 2984 152 3020 1.
182 2981 256 3033 πλῆρες
271 2975 348 3031 domoon
365 2980 384 3019 C,
436 2972 438 2974 ’
621 2983 640 3018 3.
670 2974 727 3019 ἕνεκα
744 2981 763 3019 C.

132 3045 152 3079 2.
183 3039 468 3088 GaliertPlin.ll.N.18,2b:
487 3039 569 3082 „Lucen-
622 3042 641 3077 4.
671 3036 824 3091 μσρφωδίγςΟ.

103 3101 132 3136 tes
147 3111 225 3148 vespere
240 3112 274 3149 per
290 3110 332 3137 arra
347 3096 455 3136 cicindelae.
489 3099 515 3136 lta
536 3111 569 3148 ap·
623 3100 640 3135 5.
671 3096 768 3150 κραναίον
784 3112 800 3137 e.
818 3099 844 3146 O,
860 3092 960 3149 ιιραμοιίον
977 3099 1060 3148 Coddi,

104 3159 173 3211 pellant
180 3158 243 3196 rustici
254 3160 347 3197 stellantes
357 3157 435 3205 volatus,
452 3156 568 3196 Graecivero
592 3154 610 3193 iu
626 3156 661 3203 τογ’.
683 3169 742 3206 marg.
760 3160 839 3206 eoriject.
855 3152 952 3207 νριιμείσσ
968 3171 986 3208 p.
1002 3173 1061 3210 κερα-

105 3214 218 3267 amppridas,
235 3217 337 3256 incredibili
348 3214 462 3264 benignitate
473 3222 566 3257 naturae‘K
592 3212 654 3267 μείσο.
672 3217 695 3255 S:
711 3214 798 3269 ιὶνμαίοτ
813 3228 835 3254 en
852 3215 931 3263 conjeci.
945 3218 1061 3259 seetobech
