2276 3612
104 233 135 284 iv,
153 237 221 277 e-r.‘
568 237 609 281 122

107 349 150 400 ’τως
168 353 229 412 ἔχειν
249 355 424 411 dispararentur
447 360 548 404 ἕκαστος.
585 354 618 399 du}
633 355 687 402 ’τοιῖ
704 354 736 412 μή
759 351 981 436 κινδανιύεινψύμρῖς
1002 350 1069 413 χάριν

109 426 233 478 παρακαλῶ
248 424 344 481 prtho²
335 424 459 507 ενχειρῇοαι
475 420 538 483 πρὸςΙ
548 424 632 479 αὐτόν,
647 426 702 484 πρὶν
718 420 746 471 αν
762 420 851 482 Πέτρος
862 421 966 483 didos,u
954 441 978 473 ος
997 417 1070 480 μόνος

109 488 229 547 decrescet
244 492 318 551 προς
333 510 447 552 τοοαακην
461 496 611 550 denuscetur,
627 514 669 543 τοο
684 491 843 555 καρίονήμοίν
863 488 943 552 Ἰηοοα
965 495 1069 550 Χριστού

110 560 192 606 ιλοκι
159 580 261 618 proceros
276 559 385 645 ὕπαρχον
399 566 518 625 μαθηκας,
534 565 745 626 acccpucrccoum.
779 566 896 612 τοσοῦτον
905 583 950 623 γαρ
964 561 1068 624 πεφόβη-

84 638 94 670 5
109 650 152 688 μαι
167 628 206 676 τὸν
222 630 334 691 talpas
318 652 354 686 us,
368 639 412 694 etp
403 656 435 695 μα
453 639 491 684 καὶ
507 637 588 685 αλλοτε
598 639 655 698 πρὸς
670 634 710 684 τὸν
725 636 804 694 κύριόν
818 654 864 696 μου
874 632 964 694 Πέτρον
980 631 1069 697 διαλεχ-

108 702 157 750 θοις
172 697 197 746 τὸ
211 704 282 760 dcccv
297 701 455 764 απηνέγκατο,
465 706 670 769 αονεβοολενοα
656 726 685 754 αν
698 709 757 766 ύμῖν
778 726 815 754 και
831 701 903 754 edcta
919 708 1012 754 πείθειν
1027 703 1068 752 τὸν

108 771 208 828 Πέτρον,
224 791 258 831 μα
273 778 400 834 πειραοθαι
416 772 606 834 altercaremur
622 797 650 836 upa
668 778 763 834 Σίμωνι

163 841 195 885 Vl·
224 839 294 902 Kalpe
310 850 377 932 c'pqu·
401 845 412 894 ὁ
432 848 507 906 κύριος
529 849 595 907 ἡμῶν
616 849 702 905 Πέτρος
718 850 738 892 εἰ
752 842 827 905 ἠγνόει
849 846 885 891 ὅτι
906 842 1077 901 αὐτόςμόνορ

107 913 232 972 κατισχύει
240 917 282 973 τῆς
301 918 388 964 ἐκείνου
409 918 554 973 ιλιιναοτειας,
576 916 618 965 οὐκ
641 933 671 961 αν
690 915 752 975 ἡμας
767 917 916 976 προπέμπων
935 917 1068 969 ἐνετέλλετο,

84 980 313 1037 1ολανθανόνταςτα
329 1006 386 1034 κατα
402 989 495 1045 Σιμανα
512 985 718 1045 ιλιαμανιλανοντας
734 984 793 1046 αὐτῷ
807 985 910 1044 γράφειν
944 985 1005 1044 ὅμως
1020 987 1067 1033 ἐπει

105 1053 189 1109 ἑσπέρα
205 1056 344 1114 κατειλήφει,
360 1054 420 1103 αλών
435 1056 609 1115 μεταλαβόντες
623 1052 772 1112 cuodmua
802 1061 878 1111 ἕωθεν,
887 1059 911 1104 ds
925 1074 960 1108 τις
974 1051 1067 1136 τῇΒερ-

106 1138 158 1180 νικη
174 1125 387 1184 quodammode
379 1134 434 1185 εφη,
448 1125 488 1173 τὸν
505 1128 600 1184 Σίμωνα
616 1129 647 1176 εἰς
663 1123 706 1181 τήν
720 1126 807 1173 Σιδανα
823 1128 1007 1181 ἐκπεπλεοκὲναι,
1021 1129 1067 1174 τών

106 1191 129 1237 <u
145 1187 218 1239 αὐτοῦ
233 1197 349 1255 μαθητῶν
367 1197 554 1242 καταλελοιπέναι
574 1193 700 1242 ’Anniaca
722 1193 763 1241 τὸν
784 1196 971 1255 πλειοτονίκην4,
994 1194 1067 1255 ἄνδρα

104 1260 264 1323 Ἀλεξανδρέα,
278 1265 442 1325 γραμματικόν
457 1267 498 1325 τήν
507 1265 644 1326 ἐπιστήμην,
659 1264 686 1312 ὃν
697 1263 754 1325 πρὸς
763 1265 900 1324 πατρὸςμοι
911 1266 979 1324 φίλον
994 1263 1067 1312 ὅντα4

81 1334 215 1392 15ἑπέγνων,
230 1336 267 1380 καὶ
283 1330 442 1396 Ἀννοοβιιῦνα
458 1333 499 1383 τὸν
513 1333 673 1395 -Λιόςπολίτην
683 1335 735 1384 τινοὶ
751 1333 896 1395 αότρολὸγον,
910 1337 946 1382 καὶ
960 1333 1067 1395 Ἀθηνό-

105 1401 219 1485 ιλαρρν
194 1423 235 1450 τον
252 1399 386 1463 Ἀθηναῖον
405 1410 434 1467 cp]
453 1403 642 1467 Ἐπικούροα4’
629 1404 782 1488 αρεοκόμενον
801 1402 865 1465 λόγῳ
906 1403 973 1465 ἡμεῖς
992 1407 1016 1453 δὲ
1037 1425 1065 1454 τα

105 1488 162 1517 κατα
177 1470 217 1520 τὸν
233 1476 326 1532 Σιμανα
342 1473 474 1533 μαθόντες,
493 1483 563 1524 ἕωθεν
580 1495 656 1524 πανκα
675 1474 805 1554 μραψανκες
821 1478 856 1524 καὶ
874 1478 951 1536 Πέτρῳ
966 1476 1065 1534 drocta-

105 1554 205 1600 ψαντος,
219 1548 250 1595 εἰς
264 1546 391 1601 περίπατον
407 1542 629 1604 οἷπετραπόμεθα

169 1614 208 1659 vlt.
237 1616 285 1661 Καὶ
300 1610 438 1664 ''Anciac
424 1616 593 1675 unrpccq'oucc5
611 1614 679 1676 ἡμῖν,
694 1613 812 1676 ον’,μόνον
826 1633 885 1674 μετα
900 1634 944 1664 ταν
958 1635 1065 1677 προειρη-

80 1755 131 1798 coita
146 1767 169 1798 se
184 1755 268 1800 hahere.
299 1758 367 1808 Quare
384 1771 408 1800 ea
423 1758 499 1813 gratia,
515 1763 537 1800 ut
552 1770 589 1802 ros
605 1759 626 1799 in
640 1758 754 1812 periculum
769 1769 814 1800 non
827 1756 924 1813 veniatis,
944 1756 1017 1800 hortor
1037 1771 1064 1802 ne

104 1826 212 1881 quidquam
228 1830 311 1871 tentetis
328 1828 428 1872 adversus
445 1841 502 1883 eum,
518 1834 565 1871 ante
581 1841 643 1883 quam
658 1828 730 1871 Petrus
744 1828 833 1884 venerit,
861 1829 896 1883 qui
912 1840 958 1870 curn
973 1830 999 1872 sit
1016 1830 1063 1873 Do-

103 1897 150 1938 mini
163 1899 228 1940 nostri
242 1899 293 1942 Jesu
309 1898 383 1942 Christi
400 1899 556 1953 probatissimus
580 1899 703 1955 discipulus,
724 1899 801 1954 poterit
820 1899 876 1942 solus
895 1905 967 1941 contra
988 1904 1064 1943 tantam

100 1968 213 2021 potentiam
228 1968 332 2011 dimicare.
361 1970 446 2012 Tantum
461 1970 536 2024 quippe
548 1975 619 2011 metuo
635 1970 690 2011 hunc
706 1970 821 2025 hominem,
844 1975 876 2026 ut,
897 1971 936 2013 nisi
952 1970 1000 2013 alias
1017 1983 1063 2013 curn

102 2039 185 2082 domino
206 2052 253 2082 mec
268 2041 329 2082 Petro
346 2039 462 2095 disceptans
482 2040 612 2084 discessisset
627 2040 723 2096 inferior,
746 2040 853 2083 consilium
873 2041 975 2084 dedissem
996 2042 1062 2100 robis,

77 2112 166 2165 teipsum
182 2122 267 2164 quoqne
282 2111 364 2152 Petrum
378 2110 532 2164 persuaderetis
547 2124 574 2152 ne
590 2123 636 2152 cum
652 2110 735 2154 Simone
751 2111 853 2164 disputare
868 2112 983 2154 niteretur*

159 2180 190 2223 Vl.
221 2181 246 2223 Et
262 2193 301 2236 ego
317 2183 425 2235 respondi:
441 2183 458 2224 si
473 2182 568 2226 dominus
585 2187 661 2224 noster
672 2182 744 2225 Petrus
759 2183 867 2236 ignoraret
881 2182 937 2236 quod
948 2183 992 2235 ipse
1005 2182 1062 2227 solus

101 2250 201 2295 adversus
217 2254 262 2308 ejus
277 2252 389 2307 potentiam
403 2252 521 2307 praevalet,
536 2264 578 2295 non
594 2252 665 2306 utique
680 2250 830 2305 praemittendo
846 2262 885 2293 nos
901 2251 1024 2308 mandasset,
1040 2259 1062 2297 ut

101 2322 152 2364 clam
167 2322 254 2366 Simonis
270 2329 329 2379 gesta
344 2323 447 2368 discentes
463 2323 482 2364 ei
497 2324 643 2366 scriberemus.
673 2322 738 2364 Porro
755 2335 801 2364 cum
816 2333 858 2363 nox
872 2322 973 2380 venisset,
993 2329 1061 2368 sumto

101 2394 301 2439 cihc'dormivimus.
331 2395 391 2438 illane
409 2406 459 2437 vero
476 2394 548 2448 aliquis
563 2393 676 2437 Berenices
692 2392 796 2435 familiaris
811 2393 897 2436 veniens
913 2393 974 2450 dixit,
990 2393 1060 2437 Simo-

76 2477 148 2512 sonem
163 2465 184 2506 in
199 2466 295 2509 Sidonem
310 2467 427 2521 navigasse,
442 2477 469 2507 ex
483 2465 526 2507 suis
542 2469 611 2508 autern
627 2463 730 2518 discipulis
739 2464 848 2519 reliquisse
858 2463 972 2519 Appionem
986 2465 1061 2509 Plisto-

100 2537 178 2591 nicem,
194 2537 259 2578 virum
273 2536 444 2593 Alexandrinum,
460 2541 505 2578 arte
521 2535 688 2590 grammaticum,
704 2540 813 2590 paternum
828 2547 895 2578 meum
911 2537 997 2578 amicum
1013 2537 1061 2579 mihi

100 2606 215 2662 cognitum,
231 2612 252 2649 et
266 2605 410 2650 Annubionem
426 2606 535 2662 quemdam
550 2605 696 2661 Diospolitam,
717 2604 860 2662 Astrologurn,
882 2612 944 2662 atquc
963 2605 1060 2650 Atheno-

100 2677 173 2720 dorum
187 2676 334 2720 Atheniensem
349 2678 465 2733 Epicureae
480 2681 552 2720 sectae
568 2676 676 2720 addictum.
707 2676 751 2719 Nos
766 2682 834 2719 autern
844 2677 912 2720 edocti
921 2690 956 2721 res
971 2678 1060 2723 Simonis

100 2761 159 2791 mane
175 2755 250 2792 cuncta
269 2762 315 2790 cum
334 2751 487 2805 scripsissemus
508 2754 529 2790 et
548 2748 574 2791 ad
593 2748 674 2790 Petrum
695 2749 831 2805 misissemus,
856 2750 880 2792 nd
902 2750 1059 2794 ambulationem

75 2820 240 2863 reconvertirnus
256 2819 348 2874 gradum.
934 2831 935 2834 ¹

158 2890 198 2933 Vll.
228 2891 254 2933 Et
269 2891 359 2932 occurrit
374 2892 433 2935 nohis
448 2890 540 2946 Appion,
557 2901 599 2931 non
615 2889 680 2932 solum
696 2901 742 2930 curn
757 2890 866 2943 praedictis
886 2891 966 2934 duobus
990 2892 1058 2949 sociis,

132 2991 148 3026 1.
178 2989 222 3028 Post
244 2983 297 3042 πρὸς
320 2991 349 3032 est
374 2980 433 3028 αὐτὸν
453 2988 473 3026 in
495 2984 510 3025 0
533 2999 567 3026 eu·
592 2986 658 3024 Suon
673 2985 786 3025 intellexisse
800 2987 878 3026 videtur.
912 2989 955 3026 Tum
971 2987 1058 3028 Διοσπο-

101 3052 191 3094 punclum.
520 3087 521 3090 Ἰ
592 3040 646 3095 λίτην
663 3044 707 3082 SO
712 3043 854 3097 ,Λιοπολίιην
870 3048 889 3085 0.

131 3110 150 3143 2.
179 3100 355 3146 πλιισιονικονθ.
621 3106 641 3141 4.
677 3103 703 3141 lta
725 3116 747 3142 ex
768 3107 846 3155 conjeci.
869 3106 891 3154 G,
920 3105 985 3156 quiin
1007 3112 1057 3146 textu

132 3166 150 3200 3.
181 3159 259 3204 ἐ’νιαθ
281 3168 299 3201 et
314 3174 337 3200 ex
352 3163 431 3210 conjeci
447 3163 470 3210 G,
492 3163 509 3200 in
531 3164 566 3211 cuj.
590 3157 713 3229 Ἐπικοοροι,
729 3164 784 3203 utO.

102 3226 152 3264 teuto
170 3217 197 3263 ὅν.
226 3221 294 3262 Davisii
309 3221 389 3261 notulam
411 3233 434 3259 eo
454 3227 506 3272 spec
508 3227 537 3261 arr
539 3234 567 3261 cm
622 3222 640 3260 5
670 3216 837 3274 ἀπηνιασαιοθ.
