2276 3612
535 253 577 296 νοτ
930 251 967 302 nr,
985 255 1003 291 1.
1019 255 1039 290 2.

7 357 12 419 ἶ,
79 371 114 422 did
129 368 154 417 τό
170 369 268 428 πλησιόν
284 370 341 415 εἶναι
356 360 384 425 ἧς
400 367 526 425 ἐξήλθομεν
542 365 637 421 πόλεως,
659 364 752 413 πόντον
769 362 848 429 σγειλόν
864 363 1040 423 προοκηιιοότιον

77 444 119 491 κοῶ
134 436 291 498 κηρύγματος,
311 440 368 498 μιῶς
383 436 470 496 ἡμέρας
485 442 529 484 ἐκεῖ
541 439 662 497 μείναντες
677 435 799 496 ῶπηραμεν
821 441 854 488 εἰς
868 432 1015 492 Ἀντιίραιλον
1025 433 1040 475 ¹·

12 564 13 568 Ἰ
78 511 166 560 πολλῶν
180 509 203 555 dd
219 512 264 556 τῶν
279 507 504 566 σννοιλοιποροόντινν
518 508 573 566 ἡμῖν
589 504 668 559 όντων,
684 503 694 551 ό
709 510 793 565 Πέτρος
802 503 895 565 Νικίμη
908 506 944 549 καί
953 500 1040 561 'Antip

79 581 213 638 προσνιμίλει
228 580 307 637 λέγων·
333 574 410 635 ἐπειδη
432 574 504 625 πολιός
518 575 583 637 όχλσς
600 578 650 619 ’τῶν
667 576 891 637 σονοιλοιποροόντινν
914 569 1041 633 οὐμικρόν

81 649 169 710 φθόνον
184 645 239 705 ημῖν
255 649 351 695 εἰσιοῶσι
366 644 424 692 κακοί
440 646 508 691 πόλιν
523 646 661 698 ἐπισπῶται,
678 644 804 703 ἀναγκαίως
819 645 953 707 ἐσκεψάμην
971 654 1056 700 apoc-5

10 733 15 772 ζ’
81 722 151 771 τίσαι,
172 721 218 769 πῶς
231 720 291 775 μήτε
307 711 369 763 οὗτοι
391 718 511 774 λιιπηθῶσι
529 716 668 764 κωλυθέντες
689 728 787 763 σννεῑναι
804 717 871 776 ημῖν,
893 715 954 775 prins
976 716 1041 772 η’μεῐς

80 790 226 846 περίβλεπτοι
240 787 359 846 γινόμενοι
376 784 455 846 φθόνῳ
471 787 500 845 τῶ
516 789 556 842 της
571 786 650 835 κακίας
665 783 823 845 ῶποπέσοιμέν.
860 788 943 835 τούτου
964 794 1040 833 ἔκειρεν

79 858 193 919 βούλομαί
209 877 232 905 σε
247 853 288 903 τόν
303 858 408 915 Νικητην
430 858 466 903 καὶ
483 854 587 902 Ἀκύλαν
609 852 739 913 προοδείιειν
758 876 804 914 μον
825 857 881 905 κατιί
904 857 1039 916 σνστηίματα

79 918 118 975 ιλιίο
133 928 260 985 σποριίιλην,
275 927 457 985 μανθανοντες2
473 924 513 977 τοίς
528 928 572 973 τῶν
588 928 663 972 ἐθνῶν
679 927 820 986 εἰσέρχτοθαι
835 927 918 981 πόλεις.

12 1044 16 1061 ,ἦ
135 998 158 1040 ΙΙ.
189 999 247 1043 Otto
268 999 291 1043 d's
306 996 341 1042 ότι
361 994 484 1053 ῶθνμεῖκε,
506 1000 576 1043 convo
596 1005 668 1042 ποιεῖν
688 993 818 1053 οίκηκοότες,
841 997 1066 1058 οίπολειπόμενοίόιο

80 1086 124 1126 μοιι
139 1067 253 1126 διάστημα
269 1065 317 1114 oo'd¹
333 1066 389 1114 ὅλοιν
405 1067 495 1126 ἡμερῶν
511 1068 560 1113 ιλόο.
591 1068 675 1112 εἰόέναι
692 1061 733 1112 οὖν
752 1063 813 1123 τίμῶς
830 1070 900 1123 θέλοι,
924 1068 958 1114 ότι
980 1072 1039 1116 πολ-

80 1135 205 1184 λαπλοίσιον
220 1136 345 1197 οἷγαπῶμεν
364 1136 427 1196 ἡμεῖς
451 1143 472 1183 οἱ
492 1139 612 1188 πείσαντες
633 1134 695 1193 ὑμῶς
717 1132 772 1188 νοτίς
793 1140 942 1193 πεισθέντας,
963 1137 1040 1197 τ’γίτερ4

79 1206 140 1266 ὑμεῖς
155 1205 216 1265 ημῶς
231 1206 286 1260 νοός
301 1209 445 1260 πεπεικότος.
482 1205 591 1267 ἀλλήλους
612 1204 655 1253 οὖν
670 1208 812 1265 στέργοντες,
835 1209 884 1269 τῷό
904 1208 938 1266 μη
956 1207 1040 1269 α’λόγινς

81 1287 153 1324 ποιεῖν
168 1277 183 1324 όί
199 1281 303 1337 θέλωμεν
326 1282 365 1337 της
380 1278 505 1339 ῶσηιαλείας
529 1279 583 1326 όοον
603 1275 628 1325 τό
651 1275 684 1337 ἐφ’
700 1278 756 1336 ἡμῖν
780 1281 941 1337 φροντίζομεν.
982 1279 1040 1338 πρός

11 1349 15 1407 ζ
80 1346 168 1400 τούτοις
183 1351 206 1396 db
222 1348 330 1408 ονίλεμιῶς
345 1349 430 1409 ἡμέρας
445 1352 607 1410 ιλιαλεγομένον
622 1368 668 1408 μον
689 1347 904 1405 οἷπολιμπόνεσθεῦ.
946 1355 977 1400 εἰς
997 1347 1066 1410 γοόρλο

12 1425 16 1465 Ξ
82 1417 120 1469 κιίς
135 1422 300 1479 ἐπισημοτέρας
315 1422 359 1465 τῶν
374 1424 488 1482 ἐπαρχιῶν
498 1421 574 1470 πόλεις
585 1418 725 1480 προῄρημαι,
740 1417 768 1469 ῶς
784 1423 830 1464 ἴστε
845 1421 881 1465 καλ
896 1417 969 1475 ὑμεῖς,
984 1420 1042 1478 ἦμε-

82 1492 124 1548 ρῶν
139 1492 257 1548 ἐπιμένειν
271 1493 307 1538 καὶ
323 1492 474 1550 διαλέγεσθαι.
505 1492 541 1536 καὶ
558 1488 583 1535 τό
598 1492 643 1535 νῶν
659 1492 690 1539 εἰς
705 1486 747 1547 την
763 1491 883 1548 ἐγγντέραν
903 1487 959 1546 ἡμῖν
975 1491 1041 1536 Λαο-

81 1563 163 1607 ιλίκειαν
178 1560 304 1620 προόξατε,
320 1562 356 1606 καί
372 1560 428 1618 μεθ’
442 1557 527 1618 ἡμέρας
540 1558 580 1605 ιλιίο
597 1558 611 1618 η’
626 1569 693 1617 τρεῖς,
711 1557 765 1605 όσον
780 1560 817 1604 ἐπὶ
832 1561 861 1616 τη
876 1561 920 1618 ἐμῇ
936 1562 1041 1619 προαιρέ-

81 1650 110 1677 σει
117 1667 124 1686 ,
139 1632 300 1689 καταλήψομαι
313 1630 384 1690 ὑμῶς.
421 1631 457 1676 ἐπί
481 1632 504 1676 δὲ
526 1632 570 1675 τῶν
587 1631 664 1676 πολῶν
686 1630 805 1683 ἐκίέξασθὲ
828 1648 858 1685 με
880 1628 946 1686 ὑμεῖς
964 1627 1042 1688 μόνοι,

12 1804 17 1839 ,
81 1772 196 1828 ineramus,
213 1785 258 1814 curn
275 1784 347 1816 ornnes
364 1772 409 1815 lere
424 1772 599 1825 praedicationem
614 1772 755 1827 evangelicam
769 1772 826 1826 pilus
839 1772 962 1829 audiissent,
978 1779 1067 1816 unumao

12 1841 17 1898 ζ
82 1843 133 1885 diem
147 1843 187 1885 illio
203 1844 331 1899 commorati,
352 1842 478 1885 Antaradum
501 1843 593 1885 abiimus.
630 1843 681 1891 Quia
700 1855 751 1885 vero
776 1843 832 1885 rnnlti
852 1850 911 1887 erant
933 1844 1041 1886 nobiscum

82 1914 118 1955 iter
133 1912 241 1969 facientes,
257 1915 329 1957 Petrus
344 1913 435 1955 Nicetam
451 1918 470 1955 et
485 1911 578 1967 Aquilam
600 1912 700 1956 allocutus
722 1919 754 1955 est
770 1913 849 1956 dicens:
874 1914 1040 1969 quandoquidem

81 1996 154 2039 magna
170 1985 307 2028 comitantium
323 1984 429 2026 multitudo
446 1996 488 2026 non
503 1996 586 2038 parvam
602 1983 697 2026 invidiam
713 1985 772 2027 nobis
789 1998 825 2040 per
840 1986 902 2028 nrbes
918 1987 1040 2029 intrantibus

82 2054 163 2106 conflat,
179 2058 297 2099 necessario
315 2056 427 2098 sisnandum
444 2067 491 2098 esse
504 2055 605 2110 judicavi,
628 2061 650 2097 ut
665 2068 734 2111 neque
750 2057 789 2110 ipsi
809 2057 969 2112 contristentur,
993 2059 1040 2100 dum

15 2142 16 2145 ¹
81 2127 213 2180 prohibentur
229 2139 276 2170 esse
291 2128 411 2183 nobiscum,
427 2139 496 2181 neque
512 2138 562 2181 nos,
577 2127 625 2168 dum
642 2137 712 2168 snmus
729 2127 862 2182 spectabiles,
886 2128 999 2170 incidamus
1019 2129 1065 2170 inas

9 2190 16 2219 Ὗ
81 2197 166 2240 malitiae
181 2197 282 2240 invidiam.
313 2198 416 2246 Quocirca
433 2197 482 2240 volo
497 2202 517 2239 tc
532 2197 625 2239 Nicetam
647 2202 708 2250 atque
723 2196 818 2250 Aquilam
835 2203 882 2239 ante
897 2210 930 2240 me
946 2199 984 2241 itcr
1001 2199 1039 2240 ba-

6 2284 15 2329 {³
81 2266 141 2324 bere,
157 2281 194 2323 per
209 2268 261 2311 duos
277 2268 351 2323 globos
368 2269 462 2324 sparsim,
478 2273 498 2310 et
514 2268 564 2310 clam
582 2268 673 2323 gentium
689 2267 770 2322 ingredi
786 2269 885 2311 civitates.

137 2338 159 2381 ll.
189 2339 252 2382 Vobis
269 2345 348 2394 autem,
364 2339 420 2395 scio,
435 2339 544 2381 molestum
560 2344 601 2393 cst,
618 2337 674 2392 quod
690 2337 709 2379 id
724 2338 841 2380 laciendum
857 2339 969 2390 audieritis,
986 2339 1041 2381 dno-

81 2422 124 2452 rum
138 2424 179 2453 non
194 2411 323 2466 integrorum
339 2411 417 2453 dierum
433 2412 498 2465 spatio
516 2423 527 2452 a
543 2423 575 2452 ure
592 2411 689 2463 separari.
719 2410 761 2451 Vos
770 2409 833 2463 igitur
842 2422 974 2464 cognoscere
985 2410 1040 2465 volo,

7 2474 15 2520 'f
82 2481 136 2534 quod
151 2494 202 2538 nos,
218 2483 252 2537 qni
266 2483 416 2538 persuasimus,
432 2494 470 2524 vos
487 2483 521 2535 qui
537 2481 651 2524 credidistis
667 2481 729 2523 multo
745 2481 830 2534 amplius
847 2481 958 2538 diligimus,
980 2494 1066 2536 quarnau

81 2563 118 2594 vos
133 2552 220 2608 diligatis
235 2565 273 2596 nos
292 2565 436 2607 persuasores.
476 2552 548 2606 ltaque
571 2558 641 2595 mutuo
664 2565 736 2595 amore
761 2551 874 2607 flagrantes
896 2553 1041 2596 incolumitatis

82 2632 149 2664 curam
165 2635 262 2677 geramus
277 2636 315 2678 pro
331 2625 419 2681 viribus,
440 2637 482 2666 non
499 2625 548 2666 citra
563 2624 663 2667 rationem
679 2624 778 2666 iacientes
795 2636 849 2678 quac
872 2624 971 2678 cupimus.
1009 2623 1041 2665 Ad

7 2682 14 2732 ’,τ
80 2689 198 2736 lraccuero
213 2694 267 2736 nulla
283 2694 316 2736 die
332 2708 343 2736 a
357 2710 389 2739 me
406 2697 521 2750 disputante
536 2696 625 2737 aberibs.
656 2695 695 2736 Per
710 2695 802 2750 singulas
826 2696 879 2737 enim
896 2708 990 2750 quasque
1005 2697 1039 2737 in-

81 2763 181 2818 signiores
196 2765 347 2818 provinciarum
363 2767 455 2809 civitates
469 2766 578 2822 proposui,
594 2766 645 2808 sicut
661 2766 719 2807 etiam
736 2777 775 2807 vus
791 2766 857 2821 scitis,
872 2778 910 2819 per
925 2766 968 2807 dies
983 2766 1039 2808 resi-

82 2832 130 2877 dere
147 2840 166 2877 ct
180 2835 301 2889 disceptare.
332 2836 391 2880 Nurac
407 2849 458 2892 ergo
473 2838 493 2878 in
509 2837 631 2879 Laodiceam
648 2836 707 2878 nobis
729 2837 844 2890 proximam
865 2836 993 2890 praecedite,
1020 2839 1065 2877 otoo

10 2893 16 2966 ss
81 2910 128 2956 post
142 2905 225 2949 biduum
240 2912 260 2948 et
275 2907 374 2963 triduum,
391 2913 488 2963 quantum
505 2907 530 2949 ad
545 2907 671 2962 propositum
687 2918 755 2948 meum
774 2913 863 2962 spectat,
884 2906 980 2960 attingam
995 2916 1040 2949 vos.

10 2968 16 3030 ζ
81 2972 112 3015 Ad
127 2983 197 3029 portus
213 2983 280 3020 auteur
296 2990 334 3022 vos
350 2980 389 3022 soli
403 2979 488 3034 recipite
504 2992 549 3034 me,
565 2982 621 3020 metu
635 2978 754 3034 murmuris,
777 2984 799 3021 ut
815 2979 844 3022 sic
859 2977 937 3031 absque
953 2978 1041 3032 strepitu

112 3086 129 3122 1.
159 3079 284 3137 ἀντόρκνιλον
300 3087 321 3125 0.
600 3088 618 3124 4.
649 3079 732 3137 liciam
747 3098 765 3135 p.
781 3081 829 3138 ἥπερ
851 3085 870 3124 G.
901 3085 1007 3126 Lectionem
1023 3085 1040 3126 in

110 3146 128 3182 2.
160 3139 299 3189 λανθάνοντας
307 3144 545 3196 νολλκνῧανόνττιςοοιη.
571 3145 585 3183 Ο
602 3143 674 3183 obviam
689 3145 780 3194 praevidit
794 3147 814 3182 D.

82 3202 168 3241 obvertit
183 3203 202 3242 O.
233 3218 254 3243 τε
271 3205 313 3242 addi
328 3205 365 3244 unilt
381 3208 400 3247 S.
601 3206 618 3242 5.
650 3205 676 3242 ltn
693 3205 706 3243 0
723 3217 739 3243 ο.
754 3205 780 3252 Ι),
797 3198 848 3242 cdl).
870 3203 1040 3260 Turude'loporO.

110 3263 128 3298 3.
158 3257 307 3314 ιὶκολικόμενοί
320 3264 339 3303 C.
601 3267 618 3301 6.
649 3258 850 3315 dictandumque
