2276 3612
552 227 594 270 405
936 230 974 280 xx,
992 233 1009 267 ο,
1028 232 1061 267 ιο.

89 330 254 395 ημώνίιίκείν,
278 338 350 389 αὐτόν
369 361 394 387 τε
409 344 446 388 καί
466 339 521 393 τούς
543 340 650 399 άγγὲλους
675 337 748 386 αὐτον
770 339 812 388 σδν
836 352 881 393 τοῖς
907 338 1059 399 άαατηθιῖσιν

89 407 228 467 adamantinis*
247 416 277 462 stc
292 409 318 458 τά
337 411 455 463 σκότος’τδ
471 413 596 469 κακώτερον
612 408 736 464 dosidem»,
757 411 863 458 τοιοδτόν
884 432 936 458 τινα
958 417 1001 472 ἔχει
1019 411 1057 457 λό-

87 478 149 535 γονῷ
166 475 178 523 ὁ
194 482 293 539 πονηρὸς
308 483 377 538 σκότῳ
393 485 480 542 χαίρειν
496 480 552 526 κατά
569 477 612 538 την
628 481 725 538 κροῖοιν1
739 480 849 538 γεγονώς,
865 481 924 540 μετά
941 486 985 527 τών
999 481 1056 540 δμο-

88 549 174 594 dodino
190 548 288 610 άγνὲλαν
303 557 335 603 εἰς
349 549 374 596 κδ
389 555 431 597 τοι]
452 550 571 608 Ταρτάρου
589 548 667 599 σκότος
683 548 802 597 cocstede
817 555 907 611 ἥδεται·
929 555 997 610 φίλον
1012 551 1055 611 γάρ

87 620 139 674 napi
155 616 180 664 τά
200 622 285 672 σκότος.
323 628 346 669 αἱ
367 625 389 669 δὲ
413 626 457 668 τών
474 621 603 679 diruptione
625 622 695 680 ψυχαί
717 620 789 675 φατὸς
813 630 921 681 καθαροῦ
945 624 1071 682 conpensat

86 683 224 740 οδσαι,υἰιδ
242 690 371 749 άίλοφκίλου
388 690 457 751 πυρὸς
473 690 553 742 οιίοίας
570 691 743 747 συμπινόμενοιι
760 693 795 736 καί
813 693 882 748 φύσιν
898 696 942 740 κου’
957 690 1053 740 abaco·

85 758 187 805 rtaicrov’u
203 768 305 822 ἔχουσαι,
322 760 370 807 κατ’
385 761 452 816 άξίαν
468 761 609 815 κολάζονται.
645 763 665 803 εἰ
685 761 707 804 δὲ
725 757 736 804 ὁ
753 762 793 818 της
810 765 889 813 κακίας
904 761 995 821 ηῗγιμκίν
1012 763 1053 809 ίίνη

84 831 177 886 θράσος
192 829 222 877 δν
239 829 265 878 0v¹
283 835 398 889 adpraesens
415 837 445 882 εἷς
462 829 486 875 τά
504 828 582 878 σκότος
598 826 626 877 οἷς
641 829 675 885 μη
692 830 766 884 τούτῳ
781 833 876 890 χαίρων,
904 832 955 878 τότε
970 832 997 878 oo'
1012 832 1052 879 δυ’-

84 900 172 943 νατοι2
187 899 201 957 ἦ
216 913 290 951 κακοῖς
306 900 378 947 αὐτοῦ
394 900 502 963 χαίρουσα
519 903 597 958 κράσις
613 905 827 958 μεταουνκριθηναι
843 907 875 954 εἰς
890 900 980 961 άγαθοά
994 924 1051 962 κρο-

84 968 175 1029 αίροσιν.
206 976 242 1018 καί
260 972 331 1024 οὕτως
348 972 436 1031 άναθδς
453 985 552 1021 συνεῖναι
569 969 704 1029 κριθήσεται
720 971 796 1032 ταύτῃ
812 976 915 1029 μάλλον,
937 975 985 1028 ὅτι,
1009 984 1077 1020 κον-10

83 1052 129 1091 κοῖς
143 1044 266 1101 χαίρουσαν
276 1041 382 1104 λελογχώς
395 1048 480 1100 κράοιν,
497 1045 557 1102 αἰτίη
573 1045 616 1088 κου’
632 1041 687 1100 πρὸς
700 1041 740 1088 τδν
750 1041 808 1087 θεὸν
823 1040 898 1102 φόβου
908 1044 977 1090 οὐδὲν
989 1045 1050 1103 napo}

81 1110 107 1156 κδ
122 1113 202 1165 δοκουν
218 1117 248 1169 τά
263 1116 306 1159 του
322 1117 380 1158 θεον
398 1114 460 1172 νόμῳ
475 1112 618 1171 διεπράξατο,
656 1117 692 1159 καί
715 1114 772 1170 μνίτι
794 1132 820 1170 νε
844 1111 869 1159 τά
885 1113 928 1172 την
947 1118 990 1162 του
1009 1113 1050 1173 άρ-

80 1183 168 1240 χιιρὲας
182 1180 272 1240 Ἀαρών
289 1182 374 1243 ῥάβδον
389 1187 498 1242 γενέσθαι
515 1182 569 1240 ὅφιν
585 1184 621 1227 καί
639 1183 710 1229 πάλιν
727 1180 938 1241 άντικρακιηναιείς
953 1183 1049 1246 ῥάβδον,

79 1254 146 1296 Γτουτο
163 1256 194 1301 εἰς
210 1250 251 1309 την
267 1255 421 1312 τοιῖττονηρου
435 1253 534 1311 ὕστερον
548 1255 708 1311 γενησομένην
723 1255 763 1311 της
783 1256 870 1311 epompio
890 1256 1048 1313 μετασδγκρα·

80 1322 133 1366 σινὸ
148 1324 305 1380 μυστηριοιδάς
320 1322 334 1380 ἡ
349 1323 424 1382 γραφη
440 1327 552 1381 ἐσομένην
568 1322 737 1381 προεδήλωσεν,Ι
789 1328 791 1334 “
1054 1336 1074 1369 15

136 1393 159 1435 X.
192 1391 256 1438 Mero}
272 1394 294 1439 δὲ
310 1392 350 1438 τὸν
368 1394 476 1452 Λάζαρον
491 1391 586 1451 Ἰωσήφ,
609 1390 633 1441 ὃς
649 1395 685 1437 καί
703 1393 772 1445 αὐτὸς
793 1393 824 1443 εἷς
839 1397 884 1438 τοῖν
900 1394 1048 1455 derodendum,

78 1470 129 1517 ἔφη’
145 1464 219 1520 ὀρθῶς
234 1463 311 1508 κιοίντα
327 1465 442 1522 εἴρ[ηκας].
480 1462 548 1520 κάμοί
570 1465 638 1507 τουτο
658 1466 793 1522 βουλομένῳ
813 1469 903 1521 μαθεῖν
919 1464 1046 1527 παράσχου·

77 1531 113 1577 διά
130 1534 151 1577 τί
167 1534 222 1579 αάσι
239 1534 283 1576 τάν
299 1532 373 1578 αὐτοῖν
388 1531 459 1590 λόγων
475 1533 632 1588 [μιταδίδας]5
649 1537 669 1577 oi
685 1538 730 1590 prbe
745 1534 885 1587 πείθονται,
901 1539 923 1579 οἱ
939 1536 962 1581 δὲ
979 1533 1046 1583 οἴκει-

76 1605 170 1648 nouom.
204 1605 240 1648 καὶ
256 1599 268 1647 ὁ
284 1604 381 1660 Πέτρος·
399 1600 426 1647 ον’
441 1602 484 1661 γάρ
500 1607 569 1650 εἰσιν.
586 1609 641 1661 ἔφη,
664 1608 684 1648 οἱ
700 1602 762 1661 λόγοι
780 1604 878 1663 ἐπῳδαί,
900 1611 937 1651 ἵνα
954 1608 1046 1658 odom

75 1748 143 1784 autem
159 1756 224 1786 verax
239 1750 310 1788 noster
325 1746 423 1800 magister
439 1746 498 1801 dixit,
514 1745 568 1786 illum
585 1749 646 1799 atque
663 1744 749 1799 angelos
765 1756 816 1787 suos
830 1757 877 1787 cum
892 1747 982 1790 seductis
991 1759 1069 1803 pec-ac

75 1816 179 1858 catoribus
197 1817 218 1857 in
238 1817 316 1859 infimas
336 1818 432 1859 tenebras
456 1818 521 1871 abire,
542 1817 568 1857 ita
594 1816 749 1871 intelligendum
770 1822 806 1859 est.
841 1816 906 1860 Maius
929 1820 1043 1861 secundum

74 1886 192 1927 mixtionem
207 1888 234 1928 ita
250 1893 342 1940 creatus,
358 1893 381 1929 ut
395 1888 486 1929 tenebris
503 1888 601 1943 gaudeat,
617 1899 663 1928 cum
680 1888 759 1942 angelis
775 1890 883 1930 conservis
899 1889 919 1929 in
936 1890 1042 1931 Tartarum

74 1957 203 2000 descenderas
219 1960 317 2012 laetatur,
339 1971 386 2000 nam
406 1959 448 2013 igni
465 1965 537 2014 gratae
557 1964 605 1999 sunt
626 1959 733 2000 tenebrae.
773 1958 812 2001 Sed
829 1958 931 2001 homiuum
955 1961 1040 2016 animae,

72 2040 125 2081 quae
141 2030 185 2082 puri
201 2030 280 2077 luminis
296 2031 361 2073 stillae
378 2035 436 2085 sunt,
456 2031 509 2085 ignis
535 2029 618 2083 quidem
639 2030 727 2071 essentia
749 2029 799 2070 alins
815 2031 899 2083 generis
923 2031 1039 2086 absorptae,

71 2100 171 2142 immunes
187 2104 255 2142 tamen
270 2106 357 2142 naturae
376 2101 487 2155 moriundi,
509 2099 623 2142 secundum
644 2100 699 2154 quod
722 2105 844 2141 mernerunt
868 2101 986 2154 puniuntur}
1018 2101 1065 2144 Siti

72 2174 138 2210 autem
154 2170 241 2212 malitiae
258 2171 300 2212 dux
314 2177 336 2212 ut
351 2171 414 2213 homo
431 2184 474 2213 non
490 2172 605 2212 mitteretur
620 2171 641 2210 in
654 2170 761 2225 tenebras,
778 2182 802 2211 ac
819 2171 835 2211 si
852 2171 881 2213 eis
898 2184 940 2213 non
956 2172 1038 2226 gaude-

70 2245 112 2295 ret,
128 2240 197 2281 mixtio
215 2242 259 2296 ejus
275 2241 331 2282 malis
348 2241 442 2295 gaudens
457 2242 477 2282 in
493 2242 542 2283 boui
558 2240 664 2282 consilium
680 2240 776 2282 converti
792 2252 833 2281 non
850 2248 928 2294 posset.
966 2242 990 2284 Et
1010 2243 1037 2284 ita

70 2310 135 2351 bonus
156 2311 182 2352 ibi
202 2312 304 2354 interesse
328 2324 353 2353 eo
375 2313 439 2366 magis
464 2312 600 2367 parcutitur,
624 2323 670 2352 cum
691 2312 811 2353 mixtionem
835 2312 891 2354 maiis
913 2312 1036 2366 gaudentem

70 2387 141 2423 nactus
156 2388 241 2435 propter
256 2383 351 2424 timorem
367 2383 405 2423 Dci
420 2383 467 2423 nibil
483 2388 554 2424 contra
572 2383 616 2436 ejus
632 2381 700 2436 legem
710 2381 828 2435 perfecerit.
859 2382 890 2423 Ac
901 2396 1037 2426 nonnecom-

68 2453 180 2494 mutatione
196 2455 268 2508 virgae
284 2454 357 2495 summi
372 2454 486 2496 sacerdotis
502 2453 592 2495 Aaronis
607 2454 627 2494 in
644 2459 762 2508 serpentem
779 2460 799 2495 et
814 2456 937 2498 reversione
955 2457 999 2511 ejus
1015 2458 1060 2502 inan

67 2524 145 2577 virgam
162 2523 262 2576 scriptura
280 2525 366 2578 mystice
381 2525 563 2579 praesignificavit,
587 2529 682 2576 spectare
704 2537 748 2565 eam
770 2524 794 2565 ad
816 2524 905 2566 futuram
921 2526 966 2567 nan
983 2539 1032 2567 eon-

67 2594 169 2635 versionis
186 2595 365 2636 commistionem?

125 2663 149 2705 X.
179 2664 227 2706 Post
242 2665 341 2706 Lazarum
364 2665 453 2719 Josepb,
476 2670 496 2706 et
517 2665 561 2718 ipse
582 2675 635 2705 nnus
657 2665 765 2720 comitum,
782 2665 839 2706 dixit:
864 2665 929 2707 Recte
951 2667 1033 2708 omnino

67 2734 148 2776 locutus
165 2748 193 2776 es.
224 2734 250 2776 Et
264 2735 311 2775 mibi
328 2736 408 2776 discere
425 2735 513 2788 cupienti
530 2734 570 2775 boc
590 2734 680 2787 explica:
702 2747 739 2775 cur
760 2735 845 2777 eosdem
870 2737 965 2778 omnibns
986 2750 1033 2777 sor-

65 2816 137 2845 mones
155 2805 274 2858 impertiris,
291 2817 336 2845 cmn
353 2805 395 2845 aliis
412 2807 493 2859 quidem
510 2806 673 2860 persuadeatur,
689 2805 720 2846 alii
738 2811 805 2846 curtem
822 2818 862 2847 non
880 2807 980 2848 credant?
1007 2807 1057 2851 Eros

66 2875 146 2916 Petrus:
168 2876 289 2928 Semnones,
315 2876 389 2931 inquit,
411 2875 465 2917 baud
486 2888 537 2917 sane
556 2878 705 2917 incantamenta
722 2882 780 2930 sunt,
805 2876 889 2932 quibus,
916 2878 949 2930 qui
971 2876 1030 2932 orrdit,

95 3109 112 3144 1.
142 3103 252 3157 χαίρουσαν
273 3103 307 3157 τὴν
330 3104 400 3158 κρᾶσιν
422 3120 440 3157 p.
455 3103 542 3160 χαίρειν
557 3122 606 3159 ραν,
623 3102 668 3146 τότε
685 3104 708 3146 οὐ
726 3108 810 3147 δύναται,
826 3107 846 3143 O.

64 3161 117 3204 κατά
132 3160 250 3216 τὴννράσιν
265 3166 286 3204 0.
388 3181 389 3185 ¹
587 3169 604 3203 3.
636 3166 694 3205 diatim
709 3162 867 3219 μετασίιγαριοιν.

95 3229 114 3263 2.
143 3219 225 3276 χαίρων.
256 3220 279 3264 κδ
303 3219 336 3270 δι’,
352 3218 436 3263 δύναται
454 3238 472 3274 p.
491 3221 531 3276 χαί·
