2276 3612
103 251 141 307 XX,
152 253 178 297 ³5.
195 253 197 258 ’
461 283 463 285 v
561 253 603 303 too

104 366 243 429 anticipantis
257 369 346 428 δφειλεν
361 370 432 423 εἶναι,
452 373 489 417 ναὶ
510 370 559 435 ου’χλ
581 372 655 425 αααός.
692 373 719 421 οδ
737 374 760 420 δὲ
781 373 903 430 deruptae,
923 370 957 434 μη
978 370 1069 425 αολντως

103 439 176 492 οὕτως
192 440 261 501 ἔχειν,
284 440 368 486 υαθότι
385 443 465 488 πολλοὶ
489 448 510 497 ἐξ
529 441 626 504 ῶγαθῶν
646 449 708 494 nouat
730 449 867 503 γεννῶνται,
886 444 960 503 ῶσπερ
983 450 1005 491 εἰι
1028 446 1069 489 νοῶ

103 509 182 569 Ἀδδμ
196 509 271 556 διιοὶσί
286 528 347 563 τινες
362 511 426 563 ὄντες
443 510 484 559 δύο
500 515 668 600 ἐγεννήθησαν,
682 511 713 563 ῶν
728 514 739 562 ό
754 520 798 574 μὲν
814 512 841 574 ἦν
858 512 935 598 φανός,
951 514 962 563 ό
978 513 996 563 δ
1010 513 1068 575 αἶγα-

104 580 157 632 θός
185 581 265 626 τοῶδλ
283 582 386 638 Σίμωνος
402 585 576 663 αἰτιασαμένου,
593 586 627 632 ὅτι
644 584 895 646 ανθρωιιίνοιςὲχηησω
910 588 1068 645 παραδειγμα-

79 661 89 693 5
106 667 153 705 σιν,
169 668 292 729 ααεγφνω,
312 649 347 696 δτι
368 650 441 711 τούτῳ
459 655 489 698 τῶ
504 653 562 739 λόγφ
583 653 676 703 οὐδὲτὸ
692 657 800 741 γεννηοαι
824 655 881 703 θεὸν
896 659 1067 716 παραδέξασθαι

104 725 145 767 δεῖ
161 716 312 778 ῶνθηῶιιινον
327 719 370 781 γδρ
386 725 422 769 ααλ
439 741 507 769 τουτο
524 723 549 772 εδ
567 724 720 785 νιαραδειγμα.
751 726 791 783 ε’γῶ
807 728 830 773 δὲ
843 729 962 813 Σοφωνὶας
981 727 1068 793 τὸμὲν

102 794 209 850 γεννησαι
225 790 282 837 θεὸν
298 794 468 853 ιιαραδέχομαι,
484 793 510 840 τὸ
526 796 549 841 δὲ
565 794 756 886 νααδνγεννησαι
772 795 800 842 ου’
816 799 950 882 μρσοίεμαι,
965 795 1067 843 ναυτῶν

102 857 233 920 α’νθρῶιτων
248 866 270 907 οἱ
284 859 371 920 α’γαθολ
388 862 471 916 nicode
484 869 586 924 γεννῶσι.
618 870 653 914 aad
669 865 751 925 μήτοι
767 886 887 926 νομισαςγ
889 887 907 913 ιε
923 864 1008 926 αλόγως
1022 869 1066 912 τῶν

102 930 235 990 δνθρῶιτσις
250 929 403 989 διαφερόντων
419 932 468 981 ἐ’νια
484 940 528 991 μὲν
544 941 573 996 τῷ
588 941 634 997 θεῶ
650 933 797 990 δασδιδόναι,
817 936 868 983 ἔνια
884 939 907 984 δλ
923 937 964 990 ου’,
988 933 1066 995 ἐπειδη

76 1002 127 1049 tacti
142 1008 186 1062 μὲν
201 1007 308 1062 γεννηοαι
327 1006 420 1062 δίδωμι,
442 1002 467 1051 τό
483 1007 507 1052 δὲ
523 1004 635 1064 οἷνόμοιον
659 1009 731 1053 αὐτου
746 1009 853 1066 γεννησαι
877 1004 916 1054 σῶα
931 1008 1065 1063 α’τισδίδωμι.

102 1080 122 1120 οἱ
138 1079 183 1133 μὲν
198 1071 241 1133 peip
258 1071 379 1133 δνθρωιιοι
395 1072 451 1121 uacci
466 1074 492 1122 τό
509 1072 569 1130 εἰκός
585 1075 709 1134 ἀνομοίους
732 1088 779 1128 ταῖς
794 1080 881 1124 ἑαυτῶν
896 1076 997 1136 γνῶμαις
1013 1095 1064 1135 γεν-

101 1148 169 1192 νῶαιν
185 1141 248 1196 υἱοδς
264 1143 299 1191 διδ
315 1146 427 1205 τοιαύτην
444 1148 529 1194 αἰτίαν.
559 1153 581 1194 εἰι
597 1147 708 1204 τεσσῶσων
722 1144 765 1206 peip
781 1150 914 1198 συνεστῶτες
924 1150 998 1206 μερῶν
1008 1144 1065 1192 uacci

101 1214 141 1267 τῶς
156 1213 278 1274 διαφόρους
295 1213 382 1274 sporacio
397 1215 507 1275 διαφόρως
522 1218 646 1275 τρέπονται
661 1214 688 1262 τῶ
705 1213 806 1274 σώματα,
822 1214 849 1268 ῶς
865 1217 920 1263 ναλ1
937 1223 959 1264 ἐν
972 1214 1063 1274 ῶνθρω-

101 1288 155 1347 ιιείφ
179 1283 266 1344 σώματι
286 1282 338 1333 καθ’
361 1293 457 1332 ἕκαστον
478 1281 557 1344 καιρόν
578 1282 603 1331 ed
623 1288 662 1343 τῆς
679 1288 764 1344 sponde
787 1287 847 1334 ἴδιον
870 1283 1029 1345 αῶξανόμενσν
1049 1284 1065 1345 ἢ

74 1366 93 1400 15
100 1355 270 1413 ἐλαττούμενον
284 1353 327 1415 τη’ν
343 1355 476 1414 σύμμετρον
492 1359 570 1414 apciora
586 1353 670 1402 ῶθετεῑ,
701 1359 745 1402 τῶν
760 1357 803 1415 γαρ
824 1356 1006 1416 συγιισαμδτωνῖ
1022 1354 1064 1418 οὐχ

100 1421 204 1476 ῶοαῶτως
220 1424 255 1471 δελ
271 1423 428 1482 διαμενόντων
443 1426 470 1473 coi
487 1428 607 1484 σπέρματα
624 1424 703 1471 ἄλλοτε
719 1424 790 1482 δλλην
803 1424 884 1488 ἔχοντα
906 1430 984 1485 ναοῖσιν
1005 1422 1064 1472 ciao-

99 1496 230 1551 υρίνονται,
252 1495 285 1546 οἷς
308 1495 365 1552 ruptis
386 1495 429 1553 την
444 1499 485 1543 ταῶ
503 1497 583 1553 corpor]
598 1498 678 1554 apciora
692 1497 728 1541 ναὶ
749 1500 771 1540 αἱ
792 1499 882 1555 γνῶμαι
902 1504 997 1543 ἕιτσνιαι
1019 1500 1063 1541 εἴτε

99 1566 198 1625 ῶγαθαλ,
214 1569 258 1612 εἴτε
274 1567 346 1611 annai·
383 1570 419 1613 ἐπὶ
438 1568 461 1613 δὲ
482 1569 523 1612 ταῶ
544 1568 603 1611 θεσῶ
622 1562 664 1611 σοίι
679 1565 726 1612 ’ἑστι
748 1583 770 1609 τι
794 1569 899 1614 τοιαύταν
920 1568 1063 1624 λογίσασθαι·

100 1635 215 1693 δτρειιτσν
230 1634 273 1695 peip
290 1640 325 1684 ααλ
342 1632 374 1683 atet
390 1636 432 1689 ῶν,
448 1635 572 1690 όιι[όταν]ὅ
587 1632 727 1694 ασσβσλλλειν
742 1637 880 1694 βουληθείη,
896 1633 984 1697 ῶνδγιιη
999 1640 1060 1684 rodon

73 1715 92 1749 2⁰
99 1703 123 1752 τό
140 1703 333 1765 προβαλλόμενον
349 1705 411 1764 αὐτῶ
425 1703 531 1757 ῶσαῶτως
546 1708 622 1759 [εἶναι]
636 1701 663 1751 ταὶ
680 1701 756 1750 adam
774 1708 803 1764 τῷ
818 1705 971 1766 γεγεννηκότι,
986 1708 1028 1767 την
1038 1728 1062 1754 τε

99 1849 177 1891 debere
193 1849 285 1904 ejusdem
301 1849 404 1892 essentiae
420 1862 444 1891 ac
459 1850 586 1905 genitorem,
602 1849 693 1902 ideoque
707 1847 795 1902 bonum,
812 1860 881 1902 neque
904 1850 986 1891 malum.
1030 1849 1061 1890 Ac

98 1928 119 1964 to
133 1920 267 1977 respondisti,
283 1933 414 1975 nequaquam
429 1933 473 1962 rem
489 1921 516 1963 ita
530 1933 578 1963 sese
597 1920 686 1971 habere,
706 1932 752 1961 eum
772 1919 829 1960 multi
854 1932 880 1961 ex
902 1920 961 1963 honis
983 1920 1060 1975 gigne—

97 1998 169 2035 rentur
184 1992 237 2041 mali‚
253 1992 313 2034 sicuti
329 2005 355 2033 ex
370 1990 436 2034 Adam
452 1992 493 2034 duo
510 1993 641 2047 exstitissent,
657 1991 707 2032 aiter
723 1992 797 2047 bonius,
815 1992 866 2034 alter
880 1992 952 2034 malus.
983 1992 1060 2036 Simoni

98 2070 166 2107 autem
188 2064 294 2119 arguenti,
321 2068 342 2105 te
362 2063 461 2118 exemplis
484 2064 513 2105 uti
532 2063 637 2118 humanis,
663 2062 799 2116 respondisti,
821 2075 889 2117 neque
912 2062 972 2119 illud,
994 2062 1060 2103 Deum

71 2136 194 2191 asgignere,
215 2148 240 2177 eo
257 2133 320 2176 modo
337 2146 383 2177 esse
399 2134 553 2189 admittendum,
569 2135 645 2189 quippe
661 2132 717 2187 quod
733 2132 849 2186 exemplum
865 2139 885 2175 et
900 2133 966 2187 ipsum
977 2134 1002 2176 sit
1018 2132 1059 2174 ho-

96 2220 185 2248 manum.
216 2205 261 2260 Ego
279 2210 346 2246 autem
363 2204 478 2258 Sophonias
493 2205 558 2246 Deum
578 2206 666 2260 gignere
690 2204 785 2260 admitto,
808 2204 882 2246 malum
902 2205 989 2260 gignere
1013 2216 1059 2246 cum

96 2290 138 2320 non
154 2276 259 2332 concedo,
282 2276 361 2319 etiamsi
375 2275 428 2317 inter
443 2276 537 2319 homines
552 2275 601 2317 boni
617 2276 704 2330 gignant
723 2275 794 2317 matos.
836 2274 880 2316 Nec
899 2280 966 2317 tamen
989 2276 1059 2330 credo,

95 2362 128 2390 me
144 2347 234 2390 absurde
251 2346 289 2387 alia
306 2358 386 2400 eorum,
408 2337 461 2400 quae
476 2345 579 2388 lroruinum
595 2347 644 2401 sint,
627 2347 709 2388 tDeo
729 2346 851 2401 attribuere,
872 2345 910 2387 aiia
933 2359 985 2402 non,
1012 2356 1059 2388 cum

96 2422 217 2473 alterum„
206 2417 299 2471 cignere,
316 2417 460 2473 concesserim,
476 2417 591 2459 nonraal
584 2422 656 2472 erum
673 2417 748 2471 dispari
763 2416 823 2458 modo
833 2417 926 2472 gignere.
957 2418 1057 2461 Namho-

71 2493 162 2535 tornines
177 2489 255 2531 liberos
273 2493 295 2529 ut
310 2499 347 2541 par
363 2493 394 2531 est
410 2488 535 2530 dissimiles
529 2501 621 2543 ipsorum
637 2488 727 2531 consiliis
743 2487 796 2529 hano
809 2488 834 2529 oh
846 2500 927 2531 oausam
938 2496 1057 2544 procreant.

95 2564 146 2605 Corn
162 2566 253 2616 quatuor
268 2559 359 2612 partitus
375 2565 536 2614 componantur,
561 2558 675 2602 secundum
690 2559 748 2600 varia
763 2559 810 2599 anni
825 2564 918 2615 tempora
938 2562 996 2603 varie
1017 2572 1057 2602 eo-

95 2648 140 2677 rum
157 2643 247 2687 corpora
263 2634 382 2686 vertuntur,
404 2632 430 2673 ita
447 2637 468 2673 ut
483 2632 504 2672 in
520 2643 609 2685 corpore
628 2632 717 2673 humano
735 2629 846 2673 secundum
868 2631 955 2686 quodvis
978 2636 1056 2684 tempus

94 2706 123 2760 id,
140 2704 196 2760 quod
212 2703 260 2745 anni
276 2703 363 2755 tempori
379 2703 483 2757 proprium
500 2703 535 2756 sit,
551 2707 631 2744 crescat
648 2707 681 2743 ant
699 2700 807 2742 decrescat
820 2708 970 2756 congruentem
981 2702 1057 2743 mixtu-

93 2788 138 2818 ram
154 2775 232 2817 deiens.
263 2771 315 2814 Nam
337 2773 413 2814 semina
428 2778 589 2827 temperatorum
611 2784 654 2813 non
674 2783 756 2824 semper
776 2771 802 2813 ita
820 2774 982 2826 permanentium
1008 2772 1057 2814 alias

69 2847 153 2889 aaaliter
168 2845 279 2888 commixta
295 2849 443 2898 segregantur,
467 2855 533 2897 eaque
549 2842 662 2885 secundum
678 2841 776 2893 temporis
792 2842 910 2884 mixtionem
932 2848 952 2884 et
972 2842 1057 2884 consilia

94 2922 210 2972 sequuntur
224 2916 268 2959 sive
283 2915 339 2956 bona
354 2915 398 2955 sive
413 2914 471 2956 mata.
510 2913 538 2955 At
558 2913 599 2955 talc
620 2912 668 2966 quid
692 2910 718 2951 de
738 2910 781 2953 Dec
805 2925 846 2955 non
868 2918 899 2955 est
921 2912 1056 2956 statuendum.

93 2988 143 3029 Nam
160 3000 205 3030 cum
220 2985 350 3027 immutabilis
366 2985 391 3026 sit
406 2990 467 3039 atque
482 2991 592 3038 aeternus,
609 2982 692 3038 quando
708 2994 780 3024 creare
796 2985 1056 3039 vuit,procreatumej11s-

95 3058 140 3099 dem
156 3058 211 3100 modi
228 3069 252 3099 ac
268 3061 386 3098 creatorem
402 3067 449 3098 esse
464 3060 554 3111 oportet,
570 3053 625 3109 quod
643 3052 667 3093 ad
684 3051 816 3096 substantiam
832 3055 910 3108 scilicet
927 3060 947 3096 et
959 3058 1054 3095 mentem.

126 3151 143 3185 1.
174 3145 207 3190 καὶ
224 3144 251 3194 ῶς
266 3161 284 3198 p.
303 3145 331 3193 ῶς
346 3142 381 3187 καὶ
397 3147 418 3185 0.
619 3148 637 3183 3.
669 3138 701 3182 δυ’
719 3143 767 3193 (sic)
783 3147 902 3194 sepianum
918 3145 939 3184 0.
969 3146 1055 3183 Fortasse

124 3210 143 3243 2.
173 3207 198 3244 lta
220 3209 242 3245 ad
266 3219 316 3246 cram
338 3207 395 3255 God,
420 3202 564 3257 σνγγηαμῶτων
618 3202 735 3241 scribendum
751 3200 791 3255 ὅπη
805 3201 830 3243 dia
846 3205 875 3243 vel
891 3199 947 3249 ὅπως
963 3199 993 3243 δν.

94 3264 111 3303 iu
129 3269 184 3301 tentus
