2276 3612
533 228 573 275 127
899 229 1039 283 lafrassls.

76 335 250 396 anonumum,
263 345 311 389 noio
326 344 360 396 ὅτι
377 344 488 391 δυ’νανται
504 344 539 393 dcci
556 341 598 429 τήν
613 341 715 403 αφοβλαν
727 338 819 392 εὐκόλως
829 340 933 397 ιλριόοινΒ
958 339 1038 387 Ὅθεν

75 428 102 455 oc
98 405 246 468 ρφόιως,“
232 414 322 475 accipe
342 410 398 461 oo'da
388 411 473 466 ὲόλως
494 423 516 464 οἱ
537 412 565 462 tol
581 418 678 462 corotico
694 415 832 494 φρονοῦντες
848 412 1037 496 οωφρονόζοντοιι

73 476 114 525 τόν
128 476 171 537 γολρ
186 485 361 542 ἐπιστρέφοντα
360 485 516 532 nicdncou'
490 505 517 533 oo
531 486 704 544 προορώνται
708 502 719 528 o
714 480 758 536 ‘dl
771 485 830 536 τόν,
845 481 874 533 οἷς
889 478 957 537 lipsio
972 481 1037 537 φατέ,

73 548 197 608 βαρβάρων
211 550 328 600 Ἰοοόαίων
343 550 409 612 λόγος
424 554 587 617 εὐσεβέστατος
602 558 694 606 ἐστιν,
686 561 726 601 ενοι
740 554 827 610 πατέρα
844 553 881 598 ταὶ
897 550 1037 608 δημιουργόν

73 609 199 667 τοόόετοιῑ
217 620 304 684 παντός
322 621 495 682 εἰςογγούγιενος,
517 627 546 686 τῇ
569 619 635 682 odon
649 618 741 704 ρλγαθόγ
760 624 796 667 ταὶ
813 623 912 669 dinoscit·
939 618 1050 679 ολγοθόνο

72 689 129 746 μέν,
154 710 182 753 ως
201 712 290 750 procop.
272 695 398 750 ιελοφένοις
419 696 568 757 χαριζόμενον
590 690 619 740 noi
643 688 809 751 ἁμαρτήματα,
835 694 924 738 δίκαιον
947 689 1023 745 de',‘
1007 709 1036 741 ως

73 757 159 816 ἑτόοτω
171 780 230 819 γιετα
247 780 290 818 τιγν
304 762 475 820 γιετολνοιανλτ
463 761 511 813 τοτ’
527 762 593 832 οἷξλαν
607 763 651 808 τῶν
667 763 832 818 πεπραγμένων
848 762 975 817 ἐπεξιόντα

130 831 182 875 XIV.
214 826 317 883 Οὗτοςι
306 852 316 878 ο
333 833 409 893 λόγος,
424 841 445 882 εἰ
460 838 496 882 καὶ
510 829 589 892 ,saddoc
603 830 634 878 ὢν
650 826 769 891 τογχολνει,
790 830 884 889 εὐσεβής
905 850 930 890 γε
945 849 977 885 ων
994 827 1035 879 crin

73 894 206 959 οἷοόγιφορος
221 921 250 948 ων
265 906 300 961 ελιγ
315 922 345 960 τφ
337 907 409 967 βλφ
433 914 536 958 ἕκαστος
555 922 598 964 γαρ
619 901 743 961 appodonia
764 903 805 946 cod
821 901 1002 959 τριθιγοεοθοι
987 899 1034 950 ond

73 971 115 1016 τοό
130 970 297 1019 παντεπόπτοο
313 974 376 1021 Θεοιλ
397 974 453 1035 πρός
468 975 493 1022 τό
515 983 638 1034 σωφρονεῖν
654 973 744 1029 γισῖλλον,
763 969 806 1028 urin
822 967 895 1030 όργιὴν
910 972 1059 1032 λαμβάνεσιο

72 1059 91 1085 ει
109 1040 133 1087 δὲ
148 1042 186 1088 ναὶ
195 1038 322 1108 οἲλφθιγς
305 1049 339 1103 ειίγ
354 1065 365 1092 o
359 1044 458 1106 λόγος,
475 1043 588 1105 inlitora
600 1046 649 1100 pto
664 1039 704 1087 τόν
720 1038 837 1121 σωφρόνως
852 1038 979 1100 βεβιωκότα
994 1061 1034 1100 τιγς

73 1112 165 1157 αἰωνιοο
179 1104 317 1170 τολολοεως,
324 1117 537 1197 προσεγεργότραε5
551 1116 575 1160 δὲ
596 1123 643 1166 τοῖς
661 1109 709 1160 vind
726 1113 768 1157 τοὺ
785 1112 844 1158 Θεοῦ
860 1109 940 1162 όϊίλιοις
959 1115 1034 1158 τεκαὶ

73 1176 210 1240 ἀπορρήτοις
223 1187 370 1271 γιγνομένοις
385 1182 491 1246 οἷγαθοῖς

116 1253 171 1297 XV.
201 1252 251 1299 ΗΓ
226 1257 268 1313 λων
287 1256 394 1314 ἐπόνειγιι
417 1258 454 1302 ἐπὶ
477 1254 534 1314 τὴν
541 1254 670 1313 πρωτίστην
694 1252 737 1297 τόν
752 1249 870 1309 Ἑλλήνων
883 1248 968 1336 δόξαν,
991 1250 1034 1312 τήν

73 1321 171 1374 πολλοιλς
187 1326 223 1370 ταὶ
238 1331 397 1376 παντοπαθεῑς
412 1325 481 1377 θεοὺς
495 1327 554 1371 εἶναι
570 1313 777 1384 pandoioyorioou4.
808 1323 845 1367 τολ
862 1328 899 1369 ἵνα
915 1341 948 1379 pta]
964 1342 996 1374 εις
1004 1342 1031 1369 τα
1039 1340 1058 1374 1ο

73 1392 151 1451 oupni⁵
167 1390 239 1443 πολόν
255 1395 366 1441 οἷναλλοιιω
381 1396 475 1456 χρόνον,
494 1394 589 1441 dacicum)
608 1395 653 1438 τών
669 1393 796 1452 λεγομὲνων
811 1394 873 1438 θεῶν
883 1390 930 1443 'coir
946 1390 1034 1451 α’σεβεῑς

73 1459 163 1520 πράξεις
178 1463 351 1523 εἰσφγοόγιονος,
367 1465 458 1517 πάντας
473 1469 517 1522 μὲν
533 1461 574 1510 oria
588 1460 618 1509 σ’λν
633 1466 722 1521 εἴποιμι
735 1460 977 1525 οιλτώντούςερωτσις,
992 1467 1035 1510 τοῦ

73 1532 125 1585 Διός
139 1552 163 1579 τε
179 1536 215 1581 nol
232 1536 384 1588 Ποσειδῶνος,
400 1532 536 1585 Πλσότωνός
551 1551 575 1578 τε
590 1534 627 1579 ταὶ
641 1532 803 1587 Ἀπόλλωνος,
825 1533 938 1583 Διονόοον
959 1552 984 1579 τε
999 1537 1035 1581 ταὶ

71 1681 151 1732 polest,
166 1677 226 1720 facile
243 1679 269 1721 ob
286 1684 353 1721 metus
364 1677 491 1720 vacuitatem
506 1682 632 1732 perpetrant.
663 1677 732 1726 Quare
747 1676 793 1731 vix,
812 1688 836 1718 ao
851 1689 878 1718 ne
894 1677 929 1719 vix
945 1677 1034 1735 quidem,

73 1749 108 1803 qui
122 1748 160 1791 ista
177 1749 295 1805 opinantur,
310 1749 419 1792 honestam
436 1749 513 1791 dnonnt
526 1749 599 1790 vitam:
615 1748 662 1802 qnia
677 1748 789 1802 ingruens,
804 1759 846 1801 quo
861 1749 956 1790 converti
970 1754 1060 1803 pote-an

71 1823 128 1874 rani,
144 1819 256 1873 periculum
271 1832 312 1862 non
327 1818 455 1875 praevident.
484 1818 512 1874 At
526 1832 578 1861 vero
595 1818 689 1871 doctrina
705 1829 787 1872 eorum,
801 1809 860 1879 *quos
876 1818 978 1862 barbaros
993 1819 1033 1861 Ju-

72 1887 137 1931 deeos
152 1890 240 1945 vocatis,
258 1891 346 1933 maxime
361 1895 392 1932 est
407 1891 449 1944 pia3
469 1902 523 1945 quae
545 1901 608 1930 unum
628 1889 708 1930 Patrem
727 1892 746 1929 et
766 1887 863 1941 Opifioem
884 1890 957 1937 totius.
972 1890 1033 1946 huJ'us

71 1959 141 2001 mnndi
155 1960 241 2015 inducit,
256 1967 333 2013 natura,
343 1962 421 2003 bonum
437 1974 461 2003 ac
473 1948 559 2016 justum:
574 1960 653 2002 honum
668 1958 761 2014 quidem,
782 1963 805 1999 ut
825 1958 860 2012 qul
879 1960 1033 2013 poenitentibus

71 2031 152 2073 veniam
168 2030 288 2074 delictorum
303 2032 413 2087 concedat,
425 2033 503 2087 justum
518 2036 594 2087 antem,
609 2035 632 2073 nt
648 2031 683 2085 qui
697 2028 809 2083 unicuique
824 2034 872 2082 post
886 2031 1033 2084 poenitentiam

71 2113 109 2156 pro
124 2101 224 2154 factorum
240 2103 317 2147 meritis
331 2103 417 2159 irroget.
1038 2109 1058 2143 τε

130 2172 180 2216 XIV.
192 2173 267 2216 ..Haeo
280 2174 388 2231 doctrina,
404 2174 465 2226 etiam
481 2173 498 2217 si
512 2173 581 2215 fabula
597 2178 661 2228 esset,
682 2182 728 2213 oum
741 2169 774 2224 pia
790 2170 827 2226 sit,
848 2170 902 2213 vitae
918 2184 959 2214 non
976 2178 1033 2216 esset

71 2243 152 2287 inutilis.
182 2243 261 2299 Singuli
275 2258 364 2301 namque
380 2245 427 2287 dum
444 2231 565 2299 exspectant
580 2244 672 2286 futurum
688 2254 738 2296 erga
755 2253 778 2283 se
793 2241 832 2284 Dei
847 2248 921 2285 cuncta
936 2244 1035 2287 intuentis
1095 2300 1096 2304 Ἰ

68 2314 176 2370 Judicinm,
202 2315 226 2356 ad
242 2321 355 2371 temperate
377 2316 487 2359 vivendum
503 2317 602 2371 majorem
616 2316 713 2369 impeturn
734 2313 822 2367 capiunt.
861 2313 921 2362 Quod
940 2315 958 2357 si
981 2316 1034 2359 adeo

71 2398 121 2428 vera
136 2386 162 2428 sit
177 2385 280 2444 doctriua,
297 2393 383 2431 aeterno
401 2388 499 2442 supplicio
514 2387 588 2429 liberat
604 2398 650 2428 eum
667 2385 702 2440 qni
717 2384 779 2425 vitam
795 2383 922 2426 moderatam
937 2386 1033 2444 traduxit,

71 2447 171 2510 simulque
188 2468 226 2510 pro
242 2456 343 2501 beneficio
357 2458 443 2513 largitur
458 2457 526 2501 lutura
541 2470 553 2499 a
568 2457 612 2499 Deo
627 2457 683 2498 bona
700 2460 784 2497 aeterna
801 2460 822 2496 et
836 2454 952 2499 ineffabilia.
1039 2472 1058 2505 30

128 2527 170 2569 XV.
200 2526 240 2570 Sed
256 2527 281 2569 ad
295 2530 380 2583 primam
396 2535 492 2571 revertor
512 2526 639 2582 Graecorum
660 2539 684 2568 ac
701 2524 810 2568 Gentilium
830 2525 959 2582 opinionem,
981 2540 1034 2582 qnae

73 2597 124 2642 deos
139 2598 242 2640 fabulatur
256 2599 342 2656 multos,
359 2605 379 2641 et
395 2600 488 2642 omnibns
504 2600 606 2642 obnoxios
622 2596 818 2653 perturbationibus.
856 2596 887 2638 Ac
910 2610 937 2639 ne
956 2598 978 2639 in
998 2611 1032 2640 res

72 2658 138 2712 certas
154 2668 238 2711 multum
252 2668 352 2712 insumam
367 2670 476 2726 temporis,
491 2671 539 2713 dum
554 2670 717 2724 uniuscujusque
733 2679 806 2708 eorum
823 2667 858 2722 qui
880 2667 933 2721 apud
953 2680 991 2710 vos
1007 2667 1033 2709 dii

72 2739 203 2783 nominantur
217 2739 290 2793 impios
306 2747 363 2784 actus
379 2753 493 2797 recenseo,
506 2746 592 2784 cunctos
610 2739 692 2795 quidem
708 2750 750 2780 non
765 2737 832 2779 dicam
847 2738 928 2780 illorum
944 2750 1031 2793 amores,

71 2811 140 2867 Jovis,
155 2809 250 2865 Neptuni,
266 2810 367 2868 Plutonis,
384 2811 493 2869 Apollinis,
509 2812 595 2869 Bacchi,
611 2809 716 2864 Herculis,
732 2820 757 2850 ac
772 2809 907 2866 singulorum,
923 2821 976 2864 qnos
990 2820 1032 2851 ne-

103 2922 121 2958 l.
152 2915 221 2971 δράσει
237 2918 258 2957 0.
300 2962 302 2966 ¹
593 2924 612 2958 4.
642 2919 690 2957 Vbb.
709 2913 744 2969 τῂν
762 2914 851 2962 πολλοός
872 2912 904 2956 καὶ
927 2938 953 2943 -
968 2921 1032 2967 μυθο-

101 2983 120 3017 2.
150 2974 176 3031 μὴ
191 2976 319 3029 μετανοοῦντι
340 2979 385 3018 ch.
401 2981 447 3029 lleg.
463 2982 504 3019 acl
521 2985 540 3019 et
564 2977 662 3031 λογοῦσοιν
679 2979 718 3016 des.
733 2977 751 3015 in
769 2978 789 3016 0.
820 2978 900 3015 Annotat
919 2977 971 3025 S,C
993 2979 1034 3017 edl-

71 3035 118 3084 Epit.
134 3049 150 3075 o.
169 3039 207 3086 50,
229 3038 277 3086 qnod
293 3043 382 3087 praestat.
421 3041 463 3077 Tum
479 3053 539 3079 κατα·
564 3040 612 3076 disse
628 3038 781 3089 necromancia,
798 3038 846 3085 qnod
861 3035 932 3083 quidem
947 3048 984 3075 non
998 3038 1033 3076 nisi

72 3091 115 3141 ξίοιν
131 3096 152 3134 0.
187 3096 237 3134 ldem
259 3096 324 3135 deinde
346 3093 450 3145 ἐπεξιόντα
464 3099 538 3138 cuod
564 3098 587 3135 de
603 3096 676 3145 Glerloo
692 3101 743 3136 reete
758 3094 869 3142 intelligitur.

71 3154 116 3203 Reg.
134 3157 182 3194 804.
198 3155 255 3205 (Epit.
272 3168 288 3195 o.
306 3155 355 3202 50),
371 3154 481 3205 εἰιαξιόντει
497 3159 517 3197 C.
593 3160 612 3194 5.
642 3152 726 3208 ἀσφαλῆ
743 3156 762 3193 G,

101 3217 120 3253 3.
150 3212 319 3268 ιιροοεοηργέτιγιιε
335 3214 357 3253 0.
