2276 3612
559 252 602 295 403
950 255 997 304 xx,
1012 258 1030 294 7.
1045 258 1066 294 ‘8-

89 367 130 410 ²⁰5
146 363 251 422 θώλλαλθς
267 367 309 425 τάν
325 367 405 415 οάοιάν
422 372 453 418 εἰς
473 366 564 413 ὂθέλει
587 365 724 422 μετατρέπει
747 367 781 411 καλ
798 363 925 423 ὁρτοοάοιον
944 362 977 423 66
1001 385 1059 424 παρ-

88 435 145 494 6666
161 440 236 524 66066
252 438 391 498 προβάλλει,
408 438 549 519 6066666
565 439 588 483 66
605 434 639 483 06·
675 435 710 481 ὅτι
729 435 799 492 ὁμὲν
815 435 954 496 προβάλλων
973 440 1008 483 666
1025 442 1057 489 εἰς

86 507 165 563 ἑτέραν
182 506 263 554 οὐοιάν
278 512 394 566 τραπέντα
410 508 507 555 πάλιν
498 526 524 597 οη
525 501 629 553 ’ἑαυτὸν
644 508 735 564 τρέπειν
751 505 873 562 ολάναταιῙ,
888 506 900 555 6
916 510 939 554 (λλ
953 512 1056 566 προβλη-

86 578 136 625 θεὶς
151 579 192 633 τῆς
206 584 227 631 εξ
241 598 327 625 ευεινου
342 582 428 638 τροπης
443 598 467 624 τε
484 581 518 624 nol
535 580 614 624 τέκνον
630 574 739 638 ὑπάρχων
756 575 810 623 ilaec
825 584 866 625 τοῦ
881 578 1057 637 προβάλλοντος

85 648 172 703 βουλης
187 647 241 694 άλλο
257 668 278 694 τι
294 652 403 706 γενέσθαι
419 668 447 695 ου
441 647 571 700 δύναται,
587 650 607 692 at'
622 646 655 703 πη
669 653 753 697 ἐκεῖνος
768 649 836 693 666.
1061 657 1071 688 5

144 718 193 762 VIII.
228 721 308 764 Τωυτα
325 723 364 764 του
383 722 470 777 Πέτρου
486 716 735 805 εἰπάντοςΜιηαίαςῖ,
755 719 791 762 ναὶ
814 716 882 768 ου’τός
905 720 936 771 εἷς
960 717 991 766 66
1010 723 1055 766 των

86 789 205 871 ἑπομένων
222 790 331 875 ffl’w
346 787 488 875 ἕβουλόριηη,
503 795 556 862 ἐφη,
572 789 608 832 ναὶ
626 785 694 837 ου’τάς
709 793 798 844 ,παθεῖν
809 785 870 844 παρά
882 792 932 842 σου,
948 810 966 836 ιι
980 790 1055 850 άοπερ

86 853 98 900 6
114 857 213 914 πονηράς
228 860 330 915 γέγοναν,
346 853 403 905 οὕτω
418 861 537 917 γεγένηται
553 860 590 903 ναὶ
607 854 619 903 6
635 854 729 914 άγαθάς
759 860 778 902 εἰ
795 857 840 901 66‘
829 859 912 914 ομοίως
924 860 1055 918 γεγόνασηι

83 926 391 998 άδελωολεῖναίριοιιλουεῖ
423 927 486 975 6666
506 931 602 1009 Πέτρος
619 946 660 989 ουχ
677 946 759 983 oportue
775 944 910 984 γεγοναοιν
934 949 997 986 ειπερ
1012 951 1054 987 με

85 1014 184 1082 ρινηοαι,
199 990 230 1043 66
245 1002 268 1043 ἐν
286 998 343 1058 6666
359 1001 436 1052 εἶπον,
460 998 495 1044 ὅτι
517 1001 572 1044 του.
579 998 711 1054 πονηροά
697 995 711 1040 r‘
733 1014 869 1054 τετραγενης
889 1001 930 1043 του
952 994 1080 1055 666660910

86 1066 150 1111 0606
167 1066 412 1125 πεφυλουρινηριένηι
396 1066 444 1114 υπὸ
459 1070 501 1114 του
517 1071 576 1113 666
592 1069 677 1125 προεβλ
680 1064 779 1121 6666}
781 1084 795 1109 6
769 1067 834 1115 666
850 1066 922 1124 ου’της
941 1067 998 1114 κατά
1014 1070 1054 1127 την

86 1137 128 1180 του
156 1135 315 1194 προβαλόντος
336 1137 423 1195 βουλάν
446 1137 552 1196 ἐπράθη5
577 1137 633 1193 πρὸς
656 1134 698 1195 την
718 1112 796 1191 νράοιν
817 1134 831 1193 6
853 1147 926 1186 πανοῖς
945 1140 1053 1198 χαίρουσα

56 1254 59 1259 ,
85 1207 224 1263 προαίρεσις·
254 1204 282 1257 ως
297 1219 372 1261 νοεῖν,
395 1207 429 1253 ὅτι
446 1210 505 1254 θεον
520 1212 565 1263 pto
581 1209 661 1252 τέκνον
676 1203 690 1263 6
704 1204 838 1262 τετραγενης
861 1209 882 1257 ἐξ
903 1205 975 1252 αὐτοῦ
997 1227 1053 1266 προ-

84 1276 199 1332 βληθεῑοω
216 1273 290 1330 orlata,
305 1275 319 1335 6
336 1280 370 1323 aot
387 1273 445 1334 6666
462 1275 519 1325 6666
536 1275 578 1323 άεί.
611 1274 647 1323 ιλιά
664 1278 704 1321 „¹4
719 1279 742 1322 bt
760 1281 797 1327 ἔξω
813 1272 855 1321 άπ’
871 1276 945 1322 αὐτού
960 1281 1052 1333 πραθεί-

84 1361 123 1400 σης
139 1342 219 1397 ουόίας
233 1342 247 1403 6
263 1349 421 1404 συμβεβηκυῖα
437 1358 513 1396 πανοῖς
530 1349 639 1407 χαίρουσα
657 1347 785 1402 προαίρεσις
809 1347 938 1403 ἐπενίνετος
959 1349 996 1392 tat
1013 1346 1078 1392 nil-6

83 1431 124 1463 τως
140 1412 191 1460 οάτε
206 1411 252 1460 666·
268 1419 310 1461 του
326 1420 384 1462 θεον
398 1419 544 1475 γεγέννηται,
557 1415 610 1461 οάτε
625 1414 663 1472 66’
679 1418 756 1472 ἑτέρου
772 1410 847 1468 τινάς,
862 1412 909 1461 άλλ
927 1417 996 1462 οὓτε5
1012 1416 1052 1462 66’

84 1478 156 1529 αὐτού
171 1483 343 1544 προβέβληται,
360 1485 414 1533 σάτα
431 1486 569 1541 αὐτομάτως
584 1484 753 1544 προεληλυθεν,
768 1483 821 1529 οὕτε
838 1483 872 1531 άεὶ
888 1482 926 1544 66,
940 1485 969 1540 ως
985 1485 1053 1546 6666

83 1558 124 1611 της
140 1552 276 1612 ουγυράοιως
292 1555 373 1609 οάοία,
397 1555 453 1603 άλλά
474 1553 532 1601 ποτά
547 1553 590 1613 τάν
606 1559 648 1603 του
664 1559 721 1603 666
743 1552 854 1613 βοάληοιν
871 1561 909 1609 ἔξω
930 1561 957 1616 66
976 1555 1052 1614 νράοει

82 1711 148 1741 novus
164 1699 253 1753 eveniat,
270 1704 301 1741 est
315 1698 440 1741 immortalIs.
471 1699 540 1748 Quare
555 1698 617 1739 multo
633 1697 698 1751 magis
713 1697 752 1738 Dei
766 1703 859 1759 potestas
876 1699 985 1739 essentiam
997 1710 1049 1740 cor-

81 1769 138 1823 poris
155 1769 237 1823 quando
254 1774 273 1810 et
288 1771 308 1810 in
325 1769 471 1823 quodcumque
487 1770 530 1811 vult
546 1769 658 1824 convertit,
676 1773 697 1809 et
712 1768 781 1810 similis
797 1769 933 1824 substantiae,
949 1781 992 1810 non
1009 1778 1075 1810 au-ao

82 1846 123 1882 tem
139 1853 230 1894 aequae,
247 1841 406 1882 eonnnutatione
422 1845 507 1893 peracta
523 1845 625 1893 procreat.
661 1839 690 1881 Ita
706 1844 790 1880 creator
811 1840 870 1880 etin
890 1839 949 1881 aliam
974 1853 1050 1882 essen-

82 1912 130 1952 tiam
146 1916 269 1952 commutata
285 1912 304 1951 in
319 1923 342 1952 se
357 1916 465 1958 revertere
482 1915 560 1965 potest,
577 1922 621 1950 curn
638 1922 664 1950 ex
680 1909 733 1951 illius
750 1911 862 1951 mutatIone
877 1909 929 1951 filius
945 1912 1049 1966 progeni-

81 1986 114 2022 tus
131 1982 175 2022 sine
192 1981 292 2022 creatoris
307 1981 412 2023 voluntate
428 1981 481 2022 alind
499 1980 547 2034 quid
563 1980 607 2021 lieri
623 1992 666 2021 non
681 1981 757 2036 possit,
774 1981 812 2023 nisi
828 1981 861 2022 iile
878 1987 960 2023 annuat.

139 2051 187 2093 Vlll.
218 2051 274 2093 Haeo
290 2064 336 2093 cum
352 2052 424 2093 Petrus
440 2051 535 2105 dixisset,
549 2049 664 2106 Michaeas,
686 2056 706 2092 et
727 2051 772 2105 ipse
792 2063 819 2091 ex
841 2052 938 2093 comitum
961 2064 1047 2093 numero

81 2133 144 2163 unus:
160 2121 233 2176 Velim,
249 2122 324 2176 inquit,
341 2127 387 2163 ate
403 2121 493 2175 discere,
510 2134 557 2162 num
577 2121 636 2163 etiarn
652 2121 721 2162 Bonus
741 2121 815 2163 eodem
833 2121 895 2165 modo
912 2124 993 2176 genitus
1016 2123 1074 2178 666
1101 2151 1103 2156 ⁴

78 2204 123 2248 ¹quo
146 2191 220 2234 llllalus:
248 2194 264 2234 si
284 2193 336 2235 enim
359 2204 426 2246 aequo
450 2191 517 2233 inodo
531 2190 581 2232 laeti
602 2191 688 2245 luerint,
709 2191 783 2235 fratres
805 2192 851 2233 milri
877 2205 924 2234 esse
945 2192 1047 2233 videntur.

80 2261 194 2315 Respondit
210 2262 293 2305 Petrus:
308 2262 354 2303 Non
370 2261 434 2316 geniti
450 2261 533 2302 luerunt
549 2261 606 2302 simili
622 2261 696 2316 modo,
719 2263 736 2304 si
753 2275 784 2303 me
805 2263 829 2302 ab
846 2262 902 2303 initio
919 2262 996 2304 dixisse
1011 2275 1048 2303 re-

81 2333 186 2389 cordaris,
209 2333 253 2374 lllall
270 2333 424 2388 quadruplicem
440 2333 574 2374 substantiam
591 2333 685 2386 eorporis
701 2332 814 2374 seeundum
836 2345 916 2387 genera
937 2332 1049 2374 divisama

81 2404 126 2446 Deo
143 2410 282 2458 procreatam,
299 2404 334 2446 sed
352 2410 410 2445 extra
428 2416 472 2444 cam
488 2403 601 2444 secundum
618 2403 718 2445 creatoris
740 2404 865 2445 voluntatem
889 2403 913 2443 ad
929 2404 1048 2444 mixtionem

81 2474 187 2516 consilium
200 2474 358 2528 mattsgaudens
371 2487 418 2516 esse
432 2479 574 2528 temperatum.
604 2473 635 2513 nc
651 2475 677 2515 ita
692 2473 829 2528 statuendum,
846 2473 979 2515 substantiam
994 2486 1071 2527 qna-to

43 2559 44 2562 ¹
82 2545 194 2603 druplicem
209 2556 235 2584 ex
250 2544 294 2586 Deo
311 2545 410 2598 prolatam
428 2546 472 2599 ejus
489 2545 571 2598 quidem
588 2556 635 2586 esse
651 2550 773 2597 creaturam,
791 2549 811 2585 et
821 2545 885 2598 ipsam
896 2545 1046 2598 sempiternam.

81 2615 123 2657 Gur
139 2621 206 2657 autem
223 2620 280 2656 extra
304 2618 414 2658 essentiam
435 2617 459 2658 ab
481 2628 506 2658 eo
527 2620 660 2670 temperatam
681 2616 820 2670 congrediens
841 2617 968 2670 propositum
991 2615 1047 2657 malis

81 2685 175 2741 gaudens
191 2690 264 2739 postea
280 2685 420 2739 gignebatur?
452 2686 476 2728 Et
492 2686 530 2727 bac
547 2686 628 2740 quidem
644 2686 725 2728 ratione
742 2698 811 2739 neque
833 2687 916 2741 aDeo,
937 2699 1005 2740 neque
1022 2687 1046 2727 ab

81 2758 119 2799 alio
136 2756 225 2811 quodam
241 2761 341 2812 creatum,
359 2757 396 2800 sed
413 2769 438 2797 ne
455 2770 481 2798 ex
498 2769 523 2798 eo
540 2756 621 2811 quidem
637 2756 749 2810 prolatum,
767 2769 835 2810 neque
853 2763 927 2811 sponte
943 2769 1045 2811 progres-

81 2840 126 2872 sum
142 2833 185 2882 est,
201 2838 269 2879 neque
286 2839 367 2880 semper
383 2828 431 2883 luit,
448 2828 477 2869 uti
492 2832 540 2868 ante
556 2828 674 2868 mixtionem
694 2828 794 2881 essentia,
811 2828 847 2869 sed
864 2828 950 2868 mixtura
967 2834 1074 2867 secun-35

81 2900 128 2941 durn
144 2899 181 2940 Dei
198 2897 321 2939 voluntatem
337 2903 395 2939 extra
412 2898 494 2939 exstitit.
534 2897 591 2946 Quae
614 2897 695 2951 quidem
720 2898 747 2938 ita
764 2910 812 2940 sese
831 2898 923 2939 :habeant
940 2902 1045 2952 oportere,

112 3009 129 3046 1.
159 3003 190 3046 66.
206 3002 216 3045 6
232 3001 267 3074 666
283 3001 413 3078 προβάλλων
422 3000 456 3044 ναὶ
471 3000 549 3048 ιίςὲτέ
575 3008 607 3044 bes
624 3004 675 3042 Hom.
691 3005 713 3053 ll,
730 3017 746 3043 c.
766 3008 784 3043 l

81 3080 118 3118 ραν
122 3062 195 3105 πάλιν
216 3061 285 3104 οάοιαν
306 3059 337 3113 ἐφ
356 3059 427 3103 ἑαυτὸν
450 3076 552 3115 τραπεντα
606 3065 623 3101 3.
654 3060 788 3132 66666'660.

1 3143 3 3176 ἑ
80 3121 202 3185 δάηαταιθ
606 3124 624 3158 t.
656 3117 686 3165 alc·
701 3135 719 3171 ρ
736 3118 768 3161 δια
780 3135 801 3189 66
819 3120 840 3157 0.

1 3177 2 3186 ¹
55 3183 57 3185 ’
110 3187 129 3222 2.
160 3182 197 3219 Cfr.
214 3193 268 3230 supra
285 3193 300 3220 c,
317 3183 335 3218 4.
366 3180 417 3216 Haud
434 3180 488 3217 dubie
502 3179 550 3217 aliud
607 3183 624 3218 5.
656 3176 678 3219 ot
696 3177 750 3229 666
767 3173 848 3217 cluso.

80 3253 145 3280 nomen
162 3241 291 3289 reponendum
308 3243 335 3276 est
351 3248 373 3274 ex
390 3237 436 3284 illis,
454 3248 500 3285 quae
517 3237 550 3274 lra-

745 3279 747 3286 ’
788 3306 841 3352 aar
