2276 3612
532 228 573 272 133
893 231 924 282 tt,
941 234 1033 277 23-25.

72 341 216 402 ὁρισάμενος,
230 341 291 396 aldais
301 341 373 393 αιλτιλν
383 346 466 391 λαθεῖν
479 340 511 404 μή
529 344 651 403 δύνασθαι,
666 350 701 395 uui
713 347 738 396 τὸ
752 346 830 406 λάθρα
848 342 958 404 οἷμαρτεῑν
974 365 1033 406 παρ-ι

70 410 192 471 αιεήσεται.
214 440 216 442 v
276 420 277 423 ’
786 439 787 442 “

125 484 194 529 XXIV.
227 486 306 532 Ταυτα
322 481 333 528 ὃ
348 478 457 529 ’Aeeten
473 478 571 536 σλυούσας
586 487 638 544 ἔφη·
655 487 747 546 diderat}
760 488 798 536 ὅτε
810 488 895 548 ήτουσα
911 487 1032 539 Ἰουδαίοις

69 555 113 601 σε1
134 556 332 613 προσσμιλσύντα,
351 549 491 612 ἠλλοιῶσθαι
507 551 551 614 τήν
569 551 672 614 γνώμήν.
709 560 779 609 καλῶς
797 558 840 619 γολρ
863 560 951 618 εἴρηταί
973 574 1030 605 τινι·

69 627 202 685 φθείρουσιν
216 624 267 685 ήθή
281 619 365 685 χρήστολ
382 622 470 681 ὁμιλίαι
485 626 560 671 nonni.
598 622 657 684 ασῖγαλ
672 630 740 685 έφήν·
757 626 841 677 οὐκοῦν
857 631 1029 688 ἐπανορθοῦσιν
1046 641 1056 674 t

65 696 116 756 ήθή
129 694 229 758 ολχρήστα
245 693 333 753 ὁμιλίαι
348 694 423 739 ταλαί.
451 695 487 740 nul
504 692 516 740 ὅ
531 691 639 742 Ἀππίου
653 699 706 754 έφή·
734 694 832 756 σήμερον
851 694 1030 759 πεπλήρομορή·

66 784 113 826 μήν
128 764 171 824 τήν
185 764 226 826 σήυ
242 764 365 822 ἐπιγνῶναι
381 767 498 810 ἔνστασιν·
526 764 560 812 ιλιό
581 784 616 811 σοι
638 762 716 826 πρώτῳ
739 770 810 813 εἰπεῖν
830 766 1027 832 συνεχωρήσαμεν.

66 835 147 895 αὔριον
162 837 185 882 dd
200 836 318 886 ἐνταῦθα,
332 835 354 878 εἴ
367 852 401 880 σοι
417 834 484 891 φίλον
500 837 568 890 ἐστίν,
584 839 620 883 ἐπὶ
636 837 681 881 ταῖν
697 832 772 882 αὐτῶν
785 839 855 894 φίλων
868 840 1027 887 συνελθόντων

66 903 185 960 daedaleo,
201 904 235 951 ὅτι
251 907 273 950 οἱ
288 904 340 949 θεολ
356 901 421 962 ήμῶν
436 902 492 951 οὔτε
506 907 583 966 μοιχοὶ
603 905 668 958 ὄντες
682 903 845 967 τυγχάνουσιν,
865 906 918 955 οὔτε
941 920 1027 966 φονεῖς,

67 975 121 1025 οὕτε
136 977 224 1022 παίδων
241 980 345 1032 φθοραῖς,
368 970 408 1020 ουτ
432 973 538 1033 αλιλελφαῖς
557 975 573 1033 ή
595 973 726 1036 θυγατράσι
741 977 918 1036 πλησιάσαντες·
941 976 988 1027 αλλ’
1006 985 1052 1027 otro

65 1044 150 1107 ἀρχαῖσι
166 1044 193 1090 τοὶ
208 1041 320 1103 μυστήρια
337 1040 423 1100 μόνους
438 1042 493 1095 τοιλς
509 1048 648 1105 φιλομαθεῖς
662 1047 745 1092 εἰδέναι
760 1049 869 1098 θέλοντες
888 1049 977 1106 μύθοις
993 1049 1026 1100 οἷς

65 1121 154 1175 εἴρηκας
170 1110 229 1162 αὐτοὶ
248 1109 436 1173 προευελλυψανῖ·
467 1117 534 1176 Ζήυα
548 1114 594 1176 yda
610 1115 653 1176 τήν
668 1118 761 1172 ζέουσαν
777 1113 859 1163 ου’σέαν
874 1119 932 1164 εἶναι
949 1137 1028 1176 φυσιο-

64 1187 181 1245 λογοελσιν,
197 1180 290 1243 Κρόνον
305 1184 328 1230 δὲ
341 1180 384 1230 τὸν
398 1181 489 1245 χρόνον,
508 1189 544 1234 ταὶ
559 1184 630 1234 Ῥέαν
644 1185 686 1246 τήν
702 1185 735 1234 αἐὶ
751 1189 847 1250 ῥέουσαν
861 1191 904 1236 τοτ’
913 1189 923 1218 ³
940 1189 1026 1240 ὕδατος

64 1255 138 1315 φήσιν.
168 1253 228 1312 πλήν
244 1251 272 1306 οἷς
287 1250 434 1316 σ’πεσχόμήν,
455 1254 537 1315 αὔριον
553 1255 647 1304 τέταθ’
662 1259 777 1303 ε”ιιαστουψ
798 1259 856 1311 eidos
877 1266 950 1307 ἔωθεν
969 1259 1025 1319 υμῖν

63 1328 213 1374 συνελθοῦσιν
228 1321 384 1383 ολλλήγορήσας
406 1321 449 1382 τήν
470 1328 515 1372 τών
529 1325 601 1373 ὄντων
624 1324 738 1384 α’λήθειαν
758 1331 852 1386 dupundi.
888 1328 948 1388 υσῖγσλ
967 1328 1051 1389 aptato

63 1399 135 1443 ταῦτα
150 1399 217 1454 ἔφυν·
234 1394 326 1453 αὔριον,
344 1391 372 1445 ὥς
393 1391 509 1456 ήπέσχσυ,
530 1394 601 1448 οὕτως
619 1397 727 1455 ποίησον·
751 1396 794 1457 ήιλή
809 1399 832 1444 dt
856 1403 969 1448 ἐντεῦθεν
990 1405 1026 1451 ant

62 1463 118 1524 πρὸς
135 1462 205 1519 αὐτή,
218 1462 234 1511 d
248 1466 439 1524 pertransierat,
455 1464 560 1513 σ’λαυυσον.

118 1537 179 1582 XXV.
209 1536 241 1582 Αἱ
261 1535 306 1579 τῶν
330 1537 392 1581 θεῶν
417 1533 511 1593 πρήξεις
534 1539 554 1582 εἰ
573 1538 618 1593 μὲν
639 1532 727 1595 σῖγαθαλ
749 1533 816 1583 ου’σαι
837 1549 911 1589 ααιιοῖς
935 1541 1025 1599 μύθοις

61 1605 284 1666 προεααλιλφθήσαν,
298 1602 371 1665 πολλή
385 1607 427 1653 σου
441 1603 595 1657 σκοπήσαντας
610 1607 725 1654 δείκνυται
744 1608 824 1662 aonia,
848 1607 883 1655 ὅτι
907 1608 935 1656 ad
950 1610 1023 1671 osporci

60 1763 118 1792 care:
134 1749 168 1805 qui
183 1761 234 1792 vero
249 1748 316 1790 Deum
332 1748 421 1790 omnium
436 1749 575 1803 inspectorem
591 1753 659 1791 metae
673 1748 721 1790 loeo
738 1749 818 1791 animae
834 1762 885 1794 suae
904 1755 1047 1812 proposuit,uo

60 1833 137 1877 gnarus
152 1820 209 1875 quod
225 1831 272 1861 eum
286 1818 352 1861 latere
367 1830 409 1860 non
424 1819 501 1875 possit,
517 1819 568 1861 clam
585 1831 669 1873 quoque
684 1830 774 1873 peecare
790 1822 941 1874 supersedebit.

115 1891 185 1934 XXIV.
215 1890 272 1939 Quae
288 1900 335 1930 cum
348 1888 440 1932 audisset
454 1889 546 1945 Appion,
562 1889 619 1931 dixit:
634 1889 789 1947 Intellexeram,
806 1904 832 1933 ex
848 1905 889 1947 quo
905 1896 976 1950 accepi
984 1897 1020 1940 tibi

58 1976 104 2005 oum
119 1960 202 2004 ludaeis
218 1971 265 2002 esse
281 1960 462 2016 consuetudinem,
477 1966 498 2002 te
513 1960 624 2003 mutavisse
641 1962 769 2004 sententiam.
805 1961 913 2005 Praeclare
935 1966 988 2007 enim
1007 1980 1019 2009 a

59 2032 238 2089 quodam‘diotum
259 2035 301 2073 est:
322 2030 390 2072 lllores
411 2030 475 2073 bonos
494 2032 598 2086 colloquio
619 2034 752 2086 corrumpunt
771 2033 833 2074 mol.
867 2034 945 2090 Excepi
966 2050 1019 2093 ego:

57 2104 121 2160 igitur
139 2114 209 2145 mores
231 2101 296 2145 malos
318 2101 421 2157 colloquia
441 2102 497 2144 bona
517 2102 630 2157 corrigunt.
666 2102 722 2144 Dixit
741 2102 831 2157 Appion:
851 2103 918 2148 Hodie
938 2107 1045 2155 abundem

57 2175 105 2217 mihi
115 2175 147 2230 sit,
162 2179 219 2216 tuurn
235 2178 292 2215 certo
309 2174 421 2228 agnouisse
435 2174 558 2216 institutum:
575 2186 640 2228 quare
655 2174 733 2227 primns
748 2180 770 2216 ut
785 2175 902 2229 loquereris
921 2180 1019 2232 permisi-

57 2259 108 2290 mus.
139 2244 190 2288 Cras
204 2257 255 2287 vero
271 2244 315 2300 hie,
330 2245 347 2288 si
362 2245 397 2287 tibi
412 2244 503 2302 videtur,
525 2244 598 2286 iisdem
620 2245 690 2286 amieis
710 2247 881 2289 convenientibus
904 2250 1018 2308 ostendam,

58 2317 112 2374 quod
127 2317 154 2359 dii
169 2316 235 2359 nostri
249 2328 318 2371 neque
334 2315 420 2358 adulteri
435 2320 494 2371 sunt,
510 2327 579 2370 neque
595 2314 750 2371 interfectores,
770 2328 839 2371 neque
854 2318 967 2361 liberorum
982 2322 1016 2363 in-

56 2393 188 2443 teremtores,
203 2399 272 2441 neque
288 2397 384 2429 sororum
399 2386 432 2428 vel
447 2385 533 2428 filiarum
548 2386 662 2429 vitiatores.
697 2385 725 2429 At
740 2392 833 2443 veteres,
858 2388 904 2430 dum
920 2394 1017 2446 mysteria

57 2474 68 2502 a
83 2460 133 2502 solis
149 2456 240 2500 discendi
254 2456 331 2510 cupidis
344 2456 417 2499 volunt
437 2456 532 2511 intelligi,
553 2469 578 2498 ea
596 2456 670 2499 fabulis
690 2469 741 2511 quas
763 2457 831 2500 dixisti
854 2460 1042 2508 occultaveruntuo

56 2531 129 2574 Jovern
146 2529 198 2571 enim
212 2527 327 2569 ferventem
342 2539 389 2570 esse
408 2526 551 2581 substantiam,
571 2526 655 2582 physica
676 2529 757 2569 ratione
777 2534 885 2582 asserunl;
906 2530 1016 2576 Saturnum

57 2607 124 2644 antem
139 2605 230 2653 tempus3
249 2603 269 2640 et
283 2597 361 2640 Rheam
377 2610 458 2652 semper
473 2596 571 2639 liuentem
592 2610 658 2653 aquae
678 2603 777 2641 naturam.
813 2599 969 2660 Verumtamen,
994 2611 1016 2648 ut

56 2672 157 2727 pollicitus
171 2682 222 2725 sum,
238 2681 284 2711 cras
299 2669 357 2713 vobis
372 2682 432 2712 mane
449 2670 626 2725 convenientibus,
642 2670 733 2724 singulas
749 2671 830 2724 species
848 2672 960 2728 allegorice
976 2688 1015 2717 ex-

56 2755 135 2798 ponens
150 2753 219 2784 rerum
234 2738 361 2782 manifestam
376 2741 448 2783 faniam
462 2741 576 2783 veritatem.
612 2740 645 2783 Ad
660 2740 713 2782 haee
733 2754 773 2797 ego
793 2742 843 2784 dixi:
865 2742 958 2787 Crastina
975 2747 1013 2802 die,

56 2821 78 2858 ut
92 2813 212 2870 promisisti,
227 2812 254 2853 ita
268 2809 336 2853 facito.
365 2812 410 2855 Jam
424 2823 476 2854 vero
491 2811 539 2852 tine
554 2817 574 2853 et
590 2810 690 2853 adversus
707 2825 731 2854 ea
747 2825 801 2867 quae
817 2813 909 2858 dicturus
921 2829 944 2859 es
961 2817 1039 2859 audias

113 2884 173 2928 XXV.
204 2882 294 2923 Deorum
314 2887 372 2936 gesta
388 2884 415 2939 si,
436 2884 491 2924 hona
512 2895 558 2923 oum
579 2887 658 2937 essent,
679 2883 737 2926 malis
758 2884 832 2927 fabulis
856 2886 937 2928 obtecta
958 2893 1011 2945 sunt,

55 2969 129 3012 magna
145 2956 188 3011 ejus
204 2953 238 3009 qui
253 2953 304 2996 texit-
319 2955 433 2997 ostenditnr
450 2954 536 3010 matida,
552 2952 607 3008 quod
624 2952 712 2997 honesta
727 2956 796 3009 pravis
813 2956 919 2999 occultarit
934 2969 1011 3002 narra*

86 3146 104 3183 l.
134 3154 200 3181 σεοιιι
216 3142 237 3179 0.
573 3144 592 3179 3.
621 3139 744 3181 noiomi).

84 3208 104 3244 2.
133 3195 274 3255 προεαοίλυψεν
289 3198 303 3236 0
320 3198 413 3240 mendose.
490 3235 491 3239 ,
573 3204 592 3242 4,
622 3198 748 3243 ααθέκοιστον
764 3213 799 3242 sou
816 3198 837 3242 0.
