2276 3612
116 236 146 285 in,
164 238 256 277 33-35.
575 234 617 281 252

117 349 172 403 τούς
187 357 211 398 ἐν
227 354 257 411 τῷ
272 351 316 409 λαῷ
330 348 363 408 μη
379 349 490 402 θέλοντας
505 358 646 415 μετανοῆσαι
663 359 698 405 ἐπὶ
719 358 748 418 τῷ
764 350 894 413 κηρύγματι
916 353 986 402 αὐτού
1001 357 1075 406 εἶπεν·

117 420 196 480 σ’ἱνιλρες
211 419 350 467 Νινεαῐται1
363 420 527 479 ἐγερθήσονται
542 424 600 481 μετοί
617 429 658 485 της
673 429 750 486 γενεαῖς
765 424 860 484 ταύτης,
875 427 912 471 καὶ
928 433 1077 484 κατακρινοῦ-

74 493 76 497 ”
118 510 154 537 σιν
169 492 251 548 αὐτην,
272 488 307 535 ὅτι
331 488 469 552 οἷκούσαντες
489 493 632 555 μετενόησαν
655 503 687 550 εἰς
710 496 735 544 τὸ
752 487 853 555 κηρυγμα
869 492 947 542 Ἰωνοῖ·
969 498 1005 542 ταί
1026 498 1075 548 ἰδού

117 565 194 618 πλεῖον
202 555 251 614 dds,
266 563 303 607 καὶ
312 558 383 612 videte
393 560 499 609 πιστεύει.
531 568 567 612 καὶ
579 567 652 620 οὕτως
661 567 717 628 πρὸς
726 569 804 614 πεῖσαν
813 562 1002 625 α’σέβειανάύτύν
1011 566 1076 616 uinar-

92 644 102 676 5
117 633 230 689 παραθεὶς
240 630 296 684 τούς
305 630 350 678 α’πό
360 635 404 677 των
417 635 509 682 tonost
518 639 679 696 πεποιηκότας,
688 645 720 693 εἰς
729 637 860 695 κατοίκρισιν
870 640 913 682 των
923 643 947 684 ἐν
956 643 1075 702 θεοσεβείᾳ

113 704 171 761 μηδὲ
186 702 211 748 τὸ
225 706 276 749 ἴσον
295 702 365 748 καλὸν
384 713 431 754 τοῖς
456 710 643 766 πεπλανημένοις
662 706 830 767 πεποιηκότων,
850 704 902 758 τούς
921 714 1016 769 ἔχοντας
1037 712 1074 755 λσ-

113 770 198 829 γισμόν
213 775 341 828 ἐνουθέτει,
356 769 390 831 μη
405 773 480 832 μόνον
496 776 537 823 ὅσα
553 790 598 829 τοῖς
614 785 692 826 ἔθνεσι
713 778 742 825 τοὶ
757 774 813 824 καλοί
837 781 888 827 ἴσως
909 789 994 831 ποιεῖν,
1018 774 1073 826 aliid

113 844 139 890 τὸ
156 845 240 890 πλεῖον.
271 840 282 890 ὁ
298 844 321 889 [λέ
336 844 402 903 λόγος
417 864 458 902 μοι
473 844 552 907 ἐρρύη,
568 848 684 907 πρόφασιν
699 847 776 909 λαβών
791 854 814 894 ἐκ
831 848 872 893 τού
889 848 936 894 θεῖν
952 848 1074 907 μαλάσσειν

113 912 155 972 την
171 911 282 973 desipui,
297 916 334 960 ταὶ
351 913 397 962 eiad
412 920 529 969 κοινωνίας
543 922 709 976 βαπτίζεσθαι,
724 916 757 979 μοί
774 919 891 976 οἷρνεῑσθαι
907 916 948 977 την
964 911 1074 978 τοιαύτην
1097 917 1098 920 “

88 981 221 1043 lotapatae,
236 982 278 1030 κᾶν
295 989 316 1030 οἱ
332 988 506 1043 πεπλανημένοι
522 984 593 1047 αὐτην
609 987 764 1047 πρσίττωοινό,
782 988 820 1034 ὅτε
838 993 870 1039 εἰς
885 988 1015 1046 αατσίκρισιν
1030 993 1089 1050 τοῖν,

114 1060 138 1101 ἐν
154 1058 349 1114 θεοσεβείαείσὶν
365 1062 386 1102 οἱ
401 1059 426 1102 ἐν
441 1058 518 1117 πλοίνη
534 1061 654 1108 ποιοῦντες
668 1061 739 1109 καλῶς
754 1056 813 1115 μετοί
834 1062 876 1105 τού
895 1055 929 1117 μη
950 1060 1072 1115 σώζεσθαι·

113 1125 148 1172 ὅτι
163 1124 245 1184 dicepti}
261 1130 300 1184 τῆς
317 1126 408 1185 οἲγνείας
424 1123 499 1173 αὐτῶν
515 1129 560 1173 ἐστὶ
577 1129 612 1174 deal
628 1126 668 1185 την
684 1126 787 1184 πλάνην,
804 1130 838 1173 καὶ
854 1124 882 1174 ον’
898 1127 933 1174 ded
950 1130 1073 1188 θρησκείαν

112 1199 155 1243 τού
169 1193 240 1247 ὅντως
256 1192 341 1252 πατρὸς
357 1199 392 1242 καί
409 1197 529 1243 &ennete
544 1196 608 1243 ὅλων.
1089 1189 1090 1192 ¹

170 1267 258 1311 XXXIV.
293 1268 367 1313 Τούτο
391 1264 615 1314 detinetdetinet
638 1265 797 1328 anticipient,
822 1271 858 1315 ταὶ
885 1270 990 1328 eaedem
1012 1267 1072 1317 οίλιόν

87 1335 155 1397 ituria
171 1348 215 1388 τοῖς
231 1338 347 1395 φιλτάτοις
361 1335 498 1394 μεταλαβών
515 1338 635 1399 ἡσύχασεν.
671 1336 744 1389 ούτως
767 1335 809 1386 οὖν
824 1342 896 1386 ποιῶν
914 1344 949 1388 καὶ
970 1342 1073 1399 ιλιαλεγό-

43 1409 48 1420 ’
111 1428 181 1463 μενος
195 1408 302 1455 έκοίστοτε
317 1404 485 1466 προσαγωγοίς4
506 1408 563 1454 κατα
584 1406 609 1455 τὸ
628 1411 726 1468 βέβαιον
749 1411 872 1468 προσέφερε
892 1413 922 1471 τῷ
943 1412 987 1458 τού
1011 1412 1072 1457 Θεού

111 1477 186 1538 νόμῳ,
200 1477 255 1529 τούς
270 1480 437 1536 νομιζομένους
451 1479 510 1536 μετοί
525 1482 566 1535 της
580 1482 734 1538 νομιζομένης
748 1481 853 1538 γενέσεως
867 1482 970 1541 ἐλέγχων,
984 1481 1020 1525 καὶ
1037 1478 1071 1525 ὅτι

112 1545 287 1606 αύτοματισμύς
302 1552 347 1604 μέν
363 1547 404 1593 oda
419 1553 496 1602 ἔστιν,
511 1547 567 1595 dttd
582 1547 640 1596 αατοί
655 1546 765 1607 πρόνοιαν
781 1550 894 1596 decianam
910 1548 921 1595 ὁ
938 1550 1028 1607 κόσμος.

149 1656 150 1659 ¹
169 1620 248 1664 XXXV.
284 1620 356 1678 Τριῶν
372 1612 412 1664 οὗν
427 1622 508 1678 ,μηνῶν
523 1622 689 1679 πληρωθέντων
704 1621 829 1677 νηστεῦσαί
842 1639 883 1678 μοι
894 1622 999 1672 κελεύσας
1014 1620 1071 1681 ἦμε-

87 1761 143 1804 2oAd
159 1774 195 1804 eos
211 1774 262 1804 vero
278 1775 290 1804 e
305 1762 393 1817 populo,
410 1763 443 1815 qni
460 1762 557 1804 nolebant
573 1761 598 1803 ad
613 1762 665 1804 illins
681 1764 856 1816 praedicationem
878 1776 942 1819 agere
957 1765 1068 1819 poeniten-

109 1835 166 1888 tiam,
180 1833 240 1873 dixit:
260 1832 303 1874 Viri
317 1833 422 1874 Ntetettae
436 1838 521 1886 serpent
536 1846 581 1874 σανα
595 1835 730 1887 penetratione
745 1835 785 1875 ίοασ
800 1839 820 1876 et
834 1835 1069 1889 condemnabuntillcm,

110 1905 159 1958 peta
180 1904 394 1957 etttdiemterepernat
408 1903 556 1956 poenitentiam
577 1905 605 1946 ad
620 1905 798 1958 praedicationem
818 1905 895 1957 λοιιαε,
919 1910 940 1946 et
959 1918 1007 1946 eece
1023 1908 1071 1960 plns

109 1975 153 2027 bie,
170 1980 189 2015 et
204 1988 262 2016 αιιαο
279 1975 349 2016 eredit.
387 1974 461 2027 Sicque
477 1974 502 2015 ad
519 1986 600 2016 omnem
615 1987 687 2018 eorum
703 1976 826 2030 impietatem
848 1987 954 2030 opponens
969 1975 1069 2019 Etlrnico-

108 2058 153 2087 rum
167 2046 221 2087 bene
237 2050 357 2101 operantes,
373 2046 397 2093 in¹
409 2043 602 2086 condemnationem
619 2057 689 2086 eornm
706 2047 740 2100 qui
755 2046 775 2086 in
786 2059 837 2088 vera
851 2046 952 2100 religione
966 2046 1069 2096 bonorum

85 2128 194 2171 anopernm
210 2117 304 2170 aequalia
321 2128 364 2158 non
378 2115 481 2176 iaciebant
496 2115 622 2171 errantibus,
637 2115 762 2158 admonebat
776 2116 886 2170 cordatos,
901 2121 923 2157 ut
943 2129 985 2158 non
1003 2118 1068 2160 solum

108 2189 221 2230 bonitatem
236 2186 341 2240 gentilium
358 2190 471 2240 aequarent
487 2185 590 2240 operibus,
607 2185 643 2229 sed
660 2187 720 2228 etiam
732 2188 839 2229 vincerent
876 2186 923 2227 illibi
934 2188 1068 2231 autemiluxit

107 2258 140 2300 hic
156 2270 235 2313 serino,
252 2258 362 2299 occasione
378 2262 463 2311 accepta
478 2269 505 2298 ex
519 2268 558 2312 eo,¹
575 2257 631 2311 quod
647 2263 730 2311 oportet
744 2269 829 2299 servare
844 2262 923 2310 tempus
939 2259 1067 2312 purgationis

108 2334 189 2383 etpost
205 2328 334 2370 concubitum
351 2340 426 2383 corpus
442 2328 537 2384 abluere,
553 2341 592 2370 nec
607 2329 688 2371 infitiari
702 2329 756 2370 liano
772 2328 922 2383 castimoniam,
941 2328 988 2370 iicet
1005 2330 1039 2383 qui
1055 2343 1066 2371 a

109 2401 196 2441 veritate
212 2399 316 2454 aberrant,
332 2399 385 2440 illam
401 2405 549 2454 exsequantur:
572 2399 739 2454 quandoquidem
755 2399 789 2452 qui
804 2399 824 2440 in
840 2411 912 2441 errore
927 2399 981 2440 bene
997 2406 1066 2457 agunt,
1137 2446 1138 2454 ,

84 2470 314 2524 aoetveraereligionis
328 2469 421 2513 lromines
437 2470 580 2526 condemnant,
597 2477 617 2512 et
632 2483 673 2512 non
688 2470 799 2524 salvantur,
816 2471 862 2523 [puin
872 2470 984 2511 castitatem
996 2470 1076 2513 colunt

107 2546 194 2596 propter
209 2553 307 2595 errorem,
323 2553 364 2582 iton
373 2553 424 2583 vero
438 2547 523 2595 propter
532 2542 628 2594 pietatem
636 2542 656 2582 in
664 2553 735 2582 verum
744 2544 821 2594 patrem
832 2539 929 2592 acDeum
938 2545 1065 2583 cunctorum.

165 2610 254 2654 XXXlV.
285 2611 343 2660 Quod
360 2625 404 2654 cunr
421 2612 514 2668 dixisset,
529 2612 600 2654 turbas
616 2612 700 2666 dimisit,
722 2616 743 2652 et
759 2622 784 2650 ex
799 2622 857 2652 more
873 2623 919 2651 cum
933 2610 1065 2654 familiaribus

107 2686 153 2727 cibo
170 2688 251 2737 sumpto
269 2683 349 2736 (puerit.
379 2683 408 2726 lta
425 2696 476 2737 ergo
492 2683 570 2725 iaciens
587 2688 607 2724 et
622 2681 714 2737 qnotidie
728 2680 838 2737 disserens,
853 2682 985 2725 accessiones
997 2682 1065 2725 inmas
1124 2735 1128 2745 x

106 2758 148 2812 legi
163 2756 201 2797 Dei
217 2753 310 2808 adduxit,
326 2760 406 2808 putatos
421 2755 478 2797 Deos
495 2766 540 2796 curn
556 2754 633 2795 credita
644 2753 717 2807 genesi
732 2751 847 2808 confutans,
864 2752 1017 2807 ostendensque
1029 2758 1064 2795 te-

84 2828 217 2870 otmerariuin
232 2838 302 2867 rernm
318 2838 386 2869 casum
401 2837 532 2879 nequaquam
548 2835 601 2879 esse,
617 2823 654 2867 sed
669 2822 766 2865 mundum
775 2823 938 2878 exprovidentia
947 2824 1063 2878 gubernari.

164 2896 242 2939 XXXV.
273 2894 382 2950 Completis
398 2908 449 2951 ergo
465 2897 530 2938 tribus
545 2895 659 2948 mensibus,
676 2905 722 2934 eum
737 2906 774 2947 per
789 2894 833 2936 dies
845 2895 941 2950 jussisset
961 2906 993 2935 me
1005 2895 1063 2949 jeju-

137 3018 155 3055 1.
184 3011 270 3053 νινειιίτα
285 3009 306 3049 O.
322 3011 363 3049 Luc.
382 3013 413 3058 ll,
430 3013 463 3049 32.
598 3010 640 3047 burn
660 3008 687 3045 sio
708 3014 768 3046 verte:
794 3010 879 3053 ¹‚rliuinue
900 3010 938 3058 legi
954 3012 1014 3049 firmas
1030 3011 1063 3048 ad-

136 3080 155 3112 2.
185 3074 229 3110 Post
244 3070 309 3111 ἐθνῶν
325 3070 426 3108 addendum
442 3071 482 3107 fort
496 3063 526 3115 εὖ,
543 3069 573 3106 vel
599 3067 648 3105 duxit
664 3068 804 3115 accessionum
821 3071 857 3107 boe
872 3073 905 3117 est,
921 3070 1004 3107 homines
1015 3081 1063 3107 non-

108 3131 175 3177 καλῶς
190 3136 233 3180 post
247 3126 388 3180 πεποιηκότας.
405 3128 423 3166 S.
597 3127 657 3164 nullos
672 3126 697 3163 ila
712 3128 811 3177 corruentit,
837 3133 856 3165 ut
874 3127 892 3164 in
907 3134 1001 3177 posterum
1017 3128 1062 3167 divi-

138 3195 157 3229 3.
187 3186 300 3241 πράττωσιν
316 3191 328 3227 S
345 3188 370 3236 0,
387 3182 508 3237 πράττουσιν
525 3187 543 3223 G.
598 3198 632 3223 nac
647 3185 754 3224 revelationi
770 3199 792 3224 en
806 3187 865 3225 ardino
885 3188 981 3227 crederent
996 3193 1014 3226 et
1029 3189 1062 3226 ad-

137 3252 156 3288 l.
186 3243 318 3302 προσαγωγὰς
333 3243 460 3299 προσέφερεν.
491 3246 574 3284 nuver-
598 3245 735 3287 immerenti).
