<?xml version="1.0" encoding="UTF-8"?>
<!DOCTYPE html PUBLIC "-//W3C//DTD XHTML 1.0 Transitional//EN"
    "http://www.w3.org/TR/xhtml1/DTD/xhtml1-transitional.dtd">
<html xmlns="http://www.w3.org/1999/xhtml" xml:lang="en" lang="en">
 <head>
  <title>
</title>
<meta http-equiv="Content-Type" content="text/html;charset=utf-8" />
  <meta name='ocr-system' content='tesseract 3.04.00' />
  <meta name='ocr-capabilities' content='ocr_page ocr_carea ocr_par ocr_line ocrx_word'/>
</head>
<body>
  <div class='ocr_page' id='page_1' title='image "MN41653ucmf_3_0252.png"; bbox 0 0 2276 3612; ppageno 0'>
   <div class='ocr_carea' id='block_1_1' title="bbox 93 240 596 292">
    <p class='ocr_par' dir='ltr' id='par_1_1' title="bbox 93 240 596 292">
     <span class='ocr_line' id='line_1_1' title="bbox 93 240 596 292; baseline 0.006 -12"><span class='ocrx_word' id='word_1_1' title='bbox 93 242 115 292; x_wconf 85' lang='lat' dir='ltr'>x,</span> <span class='ocrx_word' id='word_1_2' title='bbox 132 244 225 283; x_wconf 64' lang='lat' dir='ltr'>arr-as.</span> <span class='ocrx_word' id='word_1_3' title='bbox 553 240 596 284; x_wconf 77' lang='lat'>268</span> 
     </span>
    </p>
   </div>
   <div class='ocr_carea' id='block_1_2' title="bbox 71 352 1061 1539">
    <p class='ocr_par' dir='ltr' id='par_1_2' title="bbox 71 352 1061 1537">
     <span class='ocr_line' id='line_1_2' title="bbox 94 352 1059 419; baseline 0.004 -19"><span class='ocrx_word' id='word_1_4' title='bbox 94 373 115 402; x_wconf 87' lang='grc' dir='ltr'>τι</span> <span class='ocrx_word' id='word_1_5' title='bbox 133 359 267 413; x_wconf 77' lang='grc' dir='ltr'><strong><em>φαίνουσιν,</em></strong></span> <span class='ocrx_word' id='word_1_6' title='bbox 283 354 311 405; x_wconf 80' lang='lat'>666</span> <span class='ocrx_word' id='word_1_7' title='bbox 326 352 338 400; x_wconf 87' lang='lat'>6</span> <span class='ocrx_word' id='word_1_8' title='bbox 353 356 426 412; x_wconf 75' lang='grc' dir='ltr'><strong><em>η’λιος,</em></strong></span> <span class='ocrx_word' id='word_1_9' title='bbox 442 356 475 407; x_wconf 84' lang='grc' dir='ltr'>οἷς</span> <span class='ocrx_word' id='word_1_10' title='bbox 491 354 588 419; x_wconf 81' lang='grc' dir='ltr'><strong><em>λόγνονς</em></strong></span> <span class='ocrx_word' id='word_1_11' title='bbox 604 354 670 414; x_wconf 81' lang='grc' dir='ltr'><strong><em>όμεῖς</em></strong></span> <span class='ocrx_word' id='word_1_12' title='bbox 687 357 781 411; x_wconf 75' lang='grc' dir='ltr'>όίπτετε,Ι</span> <span class='ocrx_word' id='word_1_13' title='bbox 797 356 830 415; x_wconf 76' lang='grc' dir='ltr'>μή</span> <span class='ocrx_word' id='word_1_14' title='bbox 843 357 859 410; x_wconf 88' lang='lat'>¹,</span> <span class='ocrx_word' id='word_1_15' title='bbox 874 355 949 416; x_wconf 79' lang='grc' dir='ltr'><strong><em>ὥσπερ</em></strong></span> <span class='ocrx_word' id='word_1_16' title='bbox 965 355 992 403; x_wconf 86' lang='grc' dir='ltr'><strong><em>τά</em></strong></span> <span class='ocrx_word' id='word_1_17' title='bbox 1002 361 1059 417; x_wconf 81' lang='grc' dir='ltr'>νέηη</span> 
     </span>
     <span class='ocr_line' id='line_1_3' title="bbox 93 423 1058 511; baseline 0.003 -40"><span class='ocrx_word' id='word_1_18' title='bbox 93 423 176 478; x_wconf 74' lang='grc' dir='ltr'><strong><em>δεταιλς</em></strong></span> <span class='ocrx_word' id='word_1_19' title='bbox 191 430 262 486; x_wconf 75' lang='grc' dir='ltr'><strong><em>φέρει,</em></strong></span> <span class='ocrx_word' id='word_1_20' title='bbox 278 427 314 471; x_wconf 82' lang='grc' dir='ltr'>καὶ</span> <span class='ocrx_word' id='word_1_21' title='bbox 330 423 396 508; x_wconf 82' lang='lat'>66606</span> <span class='ocrx_word' id='word_1_22' title='bbox 412 427 486 485; x_wconf 77' lang='grc' dir='ltr'><strong><em>φέρειν</em></strong></span> <span class='ocrx_word' id='word_1_23' title='bbox 502 426 605 485; x_wconf 65' lang='grc' dir='ltr'><strong><em>όμδρονς</em></strong></span> <span class='ocrx_word' id='word_1_24' title='bbox 621 426 744 511; x_wconf 81' lang='lat'>6666666666,</span> <span class='ocrx_word' id='word_1_25' title='bbox 766 432 787 473; x_wconf 92' lang='grc' dir='ltr'>οἱ</span> <span class='ocrx_word' id='word_1_26' title='bbox 803 429 860 485; x_wconf 74' lang='grc' dir='ltr'><strong><em>μηδὲ</em></strong></span> <span class='ocrx_word' id='word_1_27' title='bbox 876 428 972 478; x_wconf 81' lang='grc' dir='ltr'><strong><em>ἑαντοός</em></strong></span> <span class='ocrx_word' id='word_1_28' title='bbox 987 438 1058 474; x_wconf 89' lang='grc' dir='ltr'><strong><em>κινεῖν</em></strong></span> 
     </span>
     <span class='ocr_line' id='line_1_4' title="bbox 95 492 1060 579; baseline 0.003 -39"><span class='ocrx_word' id='word_1_29' title='bbox 95 496 231 578; x_wconf 74' lang='grc' dir='ltr'><strong><em>δυνάμενοι,</em></strong></span> <span class='ocrx_word' id='word_1_30' title='bbox 253 492 317 552; x_wconf 77' lang='grc' dir='ltr'><strong><em>ἐτίνγ</em></strong></span> <span class='ocrx_word' id='word_1_31' title='bbox 308 492 341 554; x_wconf 78' lang='grc' dir='ltr'>μη</span> <span class='ocrx_word' id='word_1_32' title='bbox 360 494 477 579; x_wconf 73' lang='lat'>6666666606</span> <span class='ocrx_word' id='word_1_33' title='bbox 498 495 706 556; x_wconf 65' lang='lat'>66666666‘666663&#39;*</span> <span class='ocrx_word' id='word_1_34' title='bbox 692 517 706 556; x_wconf 90' lang='lat'>6</span> <span class='ocrx_word' id='word_1_35' title='bbox 727 496 825 553; x_wconf 85' lang='grc' dir='ltr'><strong><em>καρποός</em></strong></span> <span class='ocrx_word' id='word_1_36' title='bbox 846 498 986 556; x_wconf 77' lang='grc' dir='ltr'><strong><em>παρέχονται</em></strong></span> <span class='ocrx_word' id='word_1_37' title='bbox 1006 495 1060 548; x_wconf 86' lang='grc' dir='ltr'><strong><em>τοός</em></strong></span> 
     </span>
     <span class='ocr_line' id='line_1_5' title="bbox 96 563 1059 630; baseline 0.001 -20"><span class='ocrx_word' id='word_1_38' title='bbox 96 564 180 616; x_wconf 81' lang='grc' dir='ltr'><strong><em>αδτοός</em></strong></span> <span class='ocrx_word' id='word_1_39' title='bbox 188 566 217 624; x_wconf 83' lang='lat'>66</span> <span class='ocrx_word' id='word_1_40' title='bbox 225 570 306 625; x_wconf 79' lang='grc' dir='ltr'><strong><em>γητοῖς</em></strong></span> <span class='ocrx_word' id='word_1_41' title='bbox 315 564 394 617; x_wconf 90' lang='grc' dir='ltr'><strong><em>πόνοις</em></strong></span> <span class='ocrx_word' id='word_1_42' title='bbox 401 565 475 623; x_wconf 79' lang='grc' dir='ltr'><strong><em>τλμαν,</em></strong></span> <span class='ocrx_word' id='word_1_43' title='bbox 492 567 527 620; x_wconf 85' lang='grc' dir='ltr'>οἷς</span> <span class='ocrx_word' id='word_1_44' title='bbox 536 570 639 621; x_wconf 57' lang='grc' dir='ltr'><strong><em>θνσίῖας</em></strong></span> <span class='ocrx_word' id='word_1_45' title='bbox 650 579 768 630; x_wconf 82' lang='grc' dir='ltr'><strong><em>χορηγεῖτε</em></strong></span> <span class='ocrx_word' id='word_1_46' title='bbox 783 566 854 616; x_wconf 77' lang='grc' dir='ltr'><strong><em>οὕτως</em></strong></span> <span class='ocrx_word' id='word_1_47' title='bbox 863 563 931 612; x_wconf 76' lang='grc' dir='ltr'><strong><em>οὐδὲν</em></strong></span> <span class='ocrx_word' id='word_1_48' title='bbox 940 564 1059 612; x_wconf 82' lang='lat'>66666666.</span> 
     </span>
     <span class='ocr_line' id='line_1_6' title="bbox 71 635 1060 695; baseline 0.009 -16"><span class='ocrx_word' id='word_1_49' title='bbox 71 646 80 677; x_wconf 77' lang='grc' dir='ltr'><strong><em>ο</em></strong></span> <span class='ocrx_word' id='word_1_50' title='bbox 153 637 213 681; x_wconf 79' lang='lat' dir='ltr'>XXV</span> <span class='ocrx_word' id='word_1_51' title='bbox 244 641 277 683; x_wconf 87' lang='grc' dir='ltr'>Εἰ</span> <span class='ocrx_word' id='word_1_52' title='bbox 292 638 337 682; x_wconf 84' lang='grc' dir='ltr'><strong><em>δέ</em></strong></span> <span class='ocrx_word' id='word_1_53' title='bbox 332 637 368 682; x_wconf 83' lang='grc' dir='ltr'>καί</span> <span class='ocrx_word' id='word_1_54' title='bbox 380 647 457 682; x_wconf 79' lang='grc' dir='ltr'><strong><em>ποιεῖν</em></strong></span> <span class='ocrx_word' id='word_1_55' title='bbox 481 657 503 682; x_wconf 87' lang='grc' dir='ltr'>τι</span> <span class='ocrx_word' id='word_1_56' title='bbox 527 639 651 694; x_wconf 79' lang='grc' dir='ltr'><strong><em>ἐδύναντο,</em></strong></span> <span class='ocrx_word' id='word_1_57' title='bbox 675 657 716 685; x_wconf 87' lang='grc' dir='ltr'><strong><em>ουτ</em></strong></span> <span class='ocrx_word' id='word_1_58' title='bbox 738 636 766 685; x_wconf 82' lang='grc' dir='ltr'>αν</span> <span class='ocrx_word' id='word_1_59' title='bbox 786 635 872 687; x_wconf 86' lang='grc' dir='ltr'><strong><em>αότονς</em></strong></span> <span class='ocrx_word' id='word_1_60' title='bbox 895 637 969 695; x_wconf 74' lang='grc' dir='ltr'><strong><em>ὀρθῶς</em></strong></span> <span class='ocrx_word' id='word_1_61' title='bbox 990 635 1060 688; x_wconf 64' lang='grc' dir='ltr'><strong><em>πλεους</em></strong></span> 
     </span>
     <span class='ocr_line' id='line_1_7' title="bbox 94 701 1058 767; baseline 0 -15"><span class='ocrx_word' id='word_1_62' title='bbox 94 708 191 764; x_wconf 76' lang='grc' dir='ltr'><strong><em>ἐλέγετε,</em></strong></span> <span class='ocrx_word' id='word_1_63' title='bbox 207 704 276 753; x_wconf 83' lang='grc' dir='ltr'><strong><em>ὁπότε</em></strong></span> <span class='ocrx_word' id='word_1_64' title='bbox 292 705 342 751; x_wconf 78' lang='lat'>0666</span> <span class='ocrx_word' id='word_1_65' title='bbox 357 701 385 751; x_wconf 78' lang='grc' dir='ltr'><strong><em>τοί</em></strong></span> <span class='ocrx_word' id='word_1_66' title='bbox 403 717 499 767; x_wconf 77' lang='grc' dir='ltr'><strong><em>στοιχεῖα</em></strong></span> <span class='ocrx_word' id='word_1_67' title='bbox 515 706 675 767; x_wconf 74' lang='grc' dir='ltr'><strong><em>όνομάζεινἙ</em></strong></span> <span class='ocrx_word' id='word_1_68' title='bbox 653 731 662 756; x_wconf 89' lang='grc' dir='ltr'><strong><em>ε</em></strong></span> <span class='ocrx_word' id='word_1_69' title='bbox 677 728 722 755; x_wconf 88' lang='grc' dir='ltr'><strong><em>εστι</em></strong></span> <span class='ocrx_word' id='word_1_70' title='bbox 738 705 818 762; x_wconf 76' lang='lat'>6606&#39;6,</span> <span class='ocrx_word' id='word_1_71' title='bbox 839 704 898 752; x_wconf 83' lang='lat'>66&#39;‘</span> <span class='ocrx_word' id='word_1_72' title='bbox 883 725 913 753; x_wconf 87' lang='grc' dir='ltr'>ων</span> <span class='ocrx_word' id='word_1_73' title='bbox 934 705 963 752; x_wconf 86' lang='lat'>66</span> <span class='ocrx_word' id='word_1_74' title='bbox 980 703 1058 765; x_wconf 80' lang='grc' dir='ltr'><strong><em>οἷγαθολ</em></strong></span> 
     </span>
     <span class='ocr_line' id='line_1_8' title="bbox 95 772 1059 838; baseline -0.001 -16"><span class='ocrx_word' id='word_1_75' title='bbox 95 788 226 838; x_wconf 83' lang='grc' dir='ltr'><strong><em>γορηγεῖται.</em></strong></span> <span class='ocrx_word' id='word_1_76' title='bbox 256 774 313 823; x_wconf 83' lang='lat'>6666</span> <span class='ocrx_word' id='word_1_77' title='bbox 335 772 376 821; x_wconf 90' lang='grc' dir='ltr'>τόν</span> <span class='ocrx_word' id='word_1_78' title='bbox 398 776 473 835; x_wconf 90' lang='grc' dir='ltr'><strong><em>μόνον</em></strong></span> <span class='ocrx_word' id='word_1_79' title='bbox 495 778 595 832; x_wconf 77' lang='grc' dir='ltr'><strong><em>τάξαντα</em></strong></span> <span class='ocrx_word' id='word_1_80' title='bbox 614 776 687 834; x_wconf 83' lang='lat'>6666,</span> <span class='ocrx_word' id='word_1_81' title='bbox 707 777 764 838; x_wconf 79' lang='grc' dir='ltr'><strong><em>τορός</em></strong></span> <span class='ocrx_word' id='word_1_82' title='bbox 784 776 825 836; x_wconf 84' lang='lat'>666</span> <span class='ocrx_word' id='word_1_83' title='bbox 845 777 959 836; x_wconf 79' lang='grc' dir='ltr'><strong><em>ημετέραν</em></strong></span> <span class='ocrx_word' id='word_1_84' title='bbox 979 779 1059 837; x_wconf 68' lang='grc' dir='ltr'><strong><em>χρῆσιν</em></strong></span> 
     </span>
     <span class='ocr_line' id='line_1_9' title="bbox 95 842 1059 909; baseline -0.001 -17"><span class='ocrx_word' id='word_1_85' title='bbox 95 850 189 892; x_wconf 75' lang='grc' dir='ltr'><strong><em>ἐκτελεῖν</em></strong></span> <span class='ocrx_word' id='word_1_86' title='bbox 203 843 232 892; x_wconf 84' lang='grc' dir='ltr'><strong><em>τά</em></strong></span> <span class='ocrx_word' id='word_1_87' title='bbox 248 842 326 892; x_wconf 87' lang='grc' dir='ltr'><strong><em>πάντα</em></strong></span> <span class='ocrx_word' id='word_1_88' title='bbox 332 881 339 902; x_wconf 82' lang='grc'>,</span> <span class='ocrx_word' id='word_1_89' title='bbox 354 848 391 892; x_wconf 84' lang='grc' dir='ltr'>καὶ</span> <span class='ocrx_word' id='word_1_90' title='bbox 407 848 545 895; x_wconf 75' lang='grc' dir='ltr'><strong><em>κελεύσαντα</em></strong></span> <span class='ocrx_word' id='word_1_91' title='bbox 562 846 675 909; x_wconf 74' lang='grc' dir='ltr'><strong><em>άνθριόπῳ</em></strong></span> <span class='ocrx_word' id='word_1_92' title='bbox 690 850 822 907; x_wconf 73' lang='grc' dir='ltr'><strong><em>ὑπηρετεῖν,</em></strong></span> <span class='ocrx_word' id='word_1_93' title='bbox 838 850 912 906; x_wconf 90' lang='grc' dir='ltr'><strong><em>μόνον</em></strong></span> <span class='ocrx_word' id='word_1_94' title='bbox 928 844 989 906; x_wconf 75' lang='lat'>6666</span> <span class='ocrx_word' id='word_1_95' title='bbox 1003 845 1059 906; x_wconf 74' lang='grc' dir='ltr'><strong><em>λόγῳ</em></strong></span> 
     </span>
     <span class='ocr_line' id='line_1_10' title="bbox 97 913 1060 978; baseline 0.001 -17"><span class='ocrx_word' id='word_1_96' title='bbox 97 914 156 962; x_wconf 83' lang='grc' dir='ltr'><strong><em>Θεόν</em></strong></span> <span class='ocrx_word' id='word_1_97' title='bbox 172 916 324 974; x_wconf 84' lang='grc' dir='ltr'><strong><em>ὀνομάζομεν.</em></strong></span> <span class='ocrx_word' id='word_1_98' title='bbox 355 913 403 964; x_wconf 68' lang='lat'>063</span> <span class='ocrx_word' id='word_1_99' title='bbox 423 921 462 977; x_wconf 80' lang='grc' dir='ltr'>της</span> <span class='ocrx_word' id='word_1_100' title='bbox 482 918 612 978; x_wconf 71' lang='grc' dir='ltr'><strong><em>εὐεργεσίαις</em></strong></span> <span class='ocrx_word' id='word_1_101' title='bbox 632 916 699 976; x_wconf 76' lang='grc' dir='ltr'><strong><em>ιλμεῖς</em></strong></span> <span class='ocrx_word' id='word_1_102' title='bbox 714 920 747 977; x_wconf 76' lang='grc' dir='ltr'>μή</span> <span class='ocrx_word' id='word_1_103' title='bbox 764 918 932 977; x_wconf 78' lang='grc' dir='ltr'><strong><em>αἰσθανόμενοι</em></strong></span> <span class='ocrx_word' id='word_1_104' title='bbox 955 914 982 963; x_wconf 86' lang='grc' dir='ltr'>τολ</span> <span class='ocrx_word' id='word_1_105' title='bbox 1005 915 1060 975; x_wconf 76' lang='lat'>6¹66</span> 
     </span>
     <span class='ocr_line' id='line_1_11' title="bbox 72 985 1061 1049; baseline 0 -17"><span class='ocrx_word' id='word_1_106' title='bbox 72 989 164 1033; x_wconf 82' lang='lat'>1⁰606666</span> <span class='ocrx_word' id='word_1_107' title='bbox 181 985 363 1046; x_wconf 74' lang='grc' dir='ltr'><strong><em>άττονεμηθέντα</em></strong></span> <span class='ocrx_word' id='word_1_108' title='bbox 385 1000 482 1049; x_wconf 86' lang='grc' dir='ltr'><strong><em>στοιχεῖα</em></strong></span> <span class='ocrx_word' id='word_1_109' title='bbox 504 985 557 1034; x_wconf 76' lang='grc' dir='ltr'><strong><em>καθ’</em></strong></span> <span class='ocrx_word' id='word_1_110' title='bbox 578 989 654 1034; x_wconf 73' lang='grc' dir='ltr'><strong><em>αὐτόν</em></strong></span> <span class='ocrx_word' id='word_1_111' title='bbox 675 991 792 1047; x_wconf 85' lang='grc' dir='ltr'><strong><em>δεσπόζειν</em></strong></span> <span class='ocrx_word' id='word_1_112' title='bbox 815 989 991 1048; x_wconf 82' lang='grc' dir='ltr'><strong><em>άνηγορεόσατε.</em></strong></span> <span class='ocrx_word' id='word_1_113' title='bbox 1025 990 1061 1033; x_wconf 81' lang='grc' dir='ltr'>καὶ</span> 
     </span>
     <span class='ocr_line' id='line_1_12' title="bbox 96 1057 1060 1141; baseline 0.002 -38"><span class='ocrx_word' id='word_1_114' title='bbox 96 1059 118 1103; x_wconf 88' lang='grc' dir='ltr'><strong><em>τί</em></strong></span> <span class='ocrx_word' id='word_1_115' title='bbox 134 1060 184 1115; x_wconf 81' lang='grc' dir='ltr'><strong><em>περὶ</em></strong></span> <span class='ocrx_word' id='word_1_116' title='bbox 201 1061 317 1119; x_wconf 82' lang='grc' dir='ltr'><strong><em>στοιχείων</em></strong></span> <span class='ocrx_word' id='word_1_117' title='bbox 334 1060 365 1105; x_wconf 77' lang='grc' dir='ltr'><strong><em>δεῖ</em></strong></span> <span class='ocrx_word' id='word_1_118' title='bbox 379 1062 463 1141; x_wconf 76' lang='lat'>6666663</span> <span class='ocrx_word' id='word_1_119' title='bbox 484 1057 554 1104; x_wconf 77' lang='grc' dir='ltr'><strong><em>ὁπότε</em></strong></span> <span class='ocrx_word' id='word_1_120' title='bbox 569 1061 604 1104; x_wconf 87' lang='grc' dir='ltr'><strong><em>καλ</em></strong></span> <span class='ocrx_word' id='word_1_121' title='bbox 618 1057 702 1120; x_wconf 79' lang='lat'>6666666</span> <span class='ocrx_word' id='word_1_122' title='bbox 719 1058 841 1140; x_wconf 74' lang='grc' dir='ltr'><strong><em>ἀγάλματα</em></strong></span> <span class='ocrx_word' id='word_1_123' title='bbox 863 1058 1012 1116; x_wconf 82' lang='grc' dir='ltr'><strong><em>πεποιηκότες</em></strong></span> <span class='ocrx_word' id='word_1_124' title='bbox 1033 1058 1060 1105; x_wconf 81' lang='grc' dir='ltr'>οιλ</span> 
     </span>
     <span class='ocr_line' id='line_1_13' title="bbox 95 1126 1061 1188; baseline 0 -15"><span class='ocrx_word' id='word_1_125' title='bbox 95 1128 170 1188; x_wconf 83' lang='grc' dir='ltr'><strong><em>μόνον</em></strong></span> <span class='ocrx_word' id='word_1_126' title='bbox 185 1140 372 1187; x_wconf 84' lang='grc' dir='ltr'><strong><em>προσκννειτε,α</em></strong></span> <span class='ocrx_word' id='word_1_127' title='bbox 359 1127 406 1176; x_wconf 86' lang='grc' dir='ltr'><strong><em>αλλ’</em></strong></span> <span class='ocrx_word' id='word_1_128' title='bbox 422 1127 449 1180; x_wconf 81' lang='grc' dir='ltr'>νλς</span> <span class='ocrx_word' id='word_1_129' title='bbox 464 1131 540 1174; x_wconf 75' lang='grc' dir='ltr'><strong><em>δοῦλοι</em></strong></span> <span class='ocrx_word' id='word_1_130' title='bbox 557 1127 613 1174; x_wconf 86' lang='grc' dir='ltr'><strong><em>κατοί</em></strong></span> <span class='ocrx_word' id='word_1_131' title='bbox 627 1126 955 1188; x_wconf 76' lang='grc' dir='ltr'><strong><em>πάντααιίτοῖςτλποτετόχθαι</em></strong></span> <span class='ocrx_word' id='word_1_132' title='bbox 967 1126 1061 1181; x_wconf 76' lang='grc' dir='ltr'><strong><em>α’ξισότε.</em></strong></span> 
     </span>
     <span class='ocr_line' id='line_1_14' title="bbox 97 1195 1061 1260; baseline 0.003 -18"><span class='ocrx_word' id='word_1_133' title='bbox 97 1197 132 1243; x_wconf 89' lang='lat'>666</span> <span class='ocrx_word' id='word_1_134' title='bbox 149 1200 230 1252; x_wconf 73' lang='grc' dir='ltr'><strong><em>τοῦτο,</em></strong></span> <span class='ocrx_word' id='word_1_135' title='bbox 253 1197 308 1245; x_wconf 45' lang='grc' dir='ltr'><strong><em>δι’(</em></strong></span> <span class='ocrx_word' id='word_1_136' title='bbox 295 1217 326 1245; x_wconf 89' lang='grc' dir='ltr'>αν</span> <span class='ocrx_word' id='word_1_137' title='bbox 342 1198 553 1257; x_wconf 76' lang='lat'>6666666066666664,</span> <span class='ocrx_word' id='word_1_138' title='bbox 577 1195 684 1255; x_wconf 86' lang='grc' dir='ltr'><strong><em>δαίμοσιν</em></strong></span> <span class='ocrx_word' id='word_1_139' title='bbox 703 1195 829 1260; x_wconf 72' lang='grc' dir='ltr'><strong><em>ὑποχείριοι</em></strong></span> <span class='ocrx_word' id='word_1_140' title='bbox 848 1198 964 1256; x_wconf 72' lang='grc' dir='ltr'><strong><em>γεγόνατε</em></strong></span> <span class='ocrx_word' id='word_1_141' title='bbox 1001 1197 1061 1256; x_wconf 87' lang='grc' dir='ltr'><strong><em>πλην</em></strong></span> 
     </span>
     <span class='ocr_line' id='line_1_15' title="bbox 97 1264 1061 1336; baseline 0.001 -23"><span class='ocrx_word' id='word_1_142' title='bbox 97 1264 133 1314; x_wconf 88' lang='lat'>666</span> <span class='ocrx_word' id='word_1_143' title='bbox 149 1270 189 1325; x_wconf 83' lang='grc' dir='ltr'>της</span> <span class='ocrx_word' id='word_1_144' title='bbox 204 1273 236 1319; x_wconf 89' lang='grc' dir='ltr'>εἰς</span> <span class='ocrx_word' id='word_1_145' title='bbox 252 1265 323 1316; x_wconf 87' lang='grc' dir='ltr'><strong><em>αότόν</em></strong></span> <span class='ocrx_word' id='word_1_146' title='bbox 338 1267 379 1316; x_wconf 88' lang='grc' dir='ltr'>τόν</span> <span class='ocrx_word' id='word_1_147' title='bbox 396 1268 480 1317; x_wconf 83' lang='grc' dir='ltr'><strong><em>Θεόν</em></strong></span> <span class='ocrx_word' id='word_1_148' title='bbox 470 1270 610 1336; x_wconf 77' lang='grc' dir='ltr'><strong><em>εηιγνιλσεας</em></strong></span> <span class='ocrx_word' id='word_1_149' title='bbox 631 1274 654 1314; x_wconf 89' lang='grc' dir='ltr'>ἐκ</span> <span class='ocrx_word' id='word_1_150' title='bbox 672 1269 716 1314; x_wconf 82' lang='lat'>6666</span> <span class='ocrx_word' id='word_1_151' title='bbox 738 1270 811 1315; x_wconf 73' lang='grc' dir='ltr'><strong><em>καλιάν</em></strong></span> <span class='ocrx_word' id='word_1_152' title='bbox 832 1269 945 1326; x_wconf 79' lang='grc' dir='ltr'><strong><em>πράξεων</em></strong></span> <span class='ocrx_word' id='word_1_153' title='bbox 957 1265 1061 1316; x_wconf 73' lang='grc' dir='ltr'><strong><em>δύνασθε</em></strong></span> 
     </span>
     <span class='ocr_line' id='line_1_16' title="bbox 74 1336 1060 1420; baseline 0 -35"><span class='ocrx_word' id='word_1_154' title='bbox 74 1336 205 1387; x_wconf 75' lang='grc' dir='ltr'><strong><em>λεδεστιόται</em></strong></span> <span class='ocrx_word' id='word_1_155' title='bbox 220 1340 328 1397; x_wconf 72' lang='grc' dir='ltr'><strong><em>γενεσθαι</em></strong></span> <span class='ocrx_word' id='word_1_156' title='bbox 345 1341 427 1395; x_wconf 84' lang='grc' dir='ltr'><strong><em>πάλιν,</em></strong></span> <span class='ocrx_word' id='word_1_157' title='bbox 443 1344 478 1387; x_wconf 81' lang='grc' dir='ltr'>καί</span> <span class='ocrx_word' id='word_1_158' title='bbox 494 1342 602 1398; x_wconf 85' lang='grc' dir='ltr'><strong><em>δαίμοσιν</em></strong></span> <span class='ocrx_word' id='word_1_159' title='bbox 617 1338 645 1390; x_wconf 82' lang='lat'>66</span> <span class='ocrx_word' id='word_1_160' title='bbox 661 1340 752 1393; x_wconf 79' lang='grc' dir='ltr'><strong><em>δούλοις</em></strong></span> <span class='ocrx_word' id='word_1_161' title='bbox 773 1340 889 1420; x_wconf 84' lang='grc' dir='ltr'><strong><em>ἐπιτάξαι,</em></strong></span> <span class='ocrx_word' id='word_1_162' title='bbox 913 1341 949 1385; x_wconf 81' lang='grc' dir='ltr'>καί</span> <span class='ocrx_word' id='word_1_163' title='bbox 969 1337 1006 1412; x_wconf 79' lang='lat'>666</span> <span class='ocrx_word' id='word_1_164' title='bbox 1016 1341 1060 1385; x_wconf 85' lang='grc' dir='ltr'><strong><em>τὶεί</em></strong></span> 
     </span>
     <span class='ocr_line' id='line_1_17' title="bbox 100 1411 714 1469; baseline -0.002 -14"><span class='ocrx_word' id='word_1_165' title='bbox 100 1411 159 1455; x_wconf 82' lang='grc' dir='ltr'><strong><em>Θεού</em></strong></span> <span class='ocrx_word' id='word_1_166' title='bbox 175 1411 268 1456; x_wconf 87' lang='grc' dir='ltr'><strong><em>αιανίον</em></strong></span> <span class='ocrx_word' id='word_1_167' title='bbox 283 1412 400 1469; x_wconf 74' lang='grc' dir='ltr'><strong><em>βασιλείας</em></strong></span> <span class='ocrx_word' id='word_1_168' title='bbox 414 1411 552 1468; x_wconf 74' lang='grc' dir='ltr'><strong><em>κληρονόμοι</em></strong></span> <span class='ocrx_word' id='word_1_169' title='bbox 568 1415 714 1494; x_wconf 69' lang='grc' dir='ltr'><strong><em>καταοτηνιαι</em></strong></span> 
     </span>
     <span class='ocr_line' id='line_1_18' title="bbox 157 1477 1061 1539; baseline 0.001 -15"><span class='ocrx_word' id='word_1_170' title='bbox 157 1480 226 1524; x_wconf 89' lang='lat' dir='ltr'>XXVI.</span> <span class='ocrx_word' id='word_1_171' title='bbox 261 1482 341 1526; x_wconf 78' lang='lat' dir='ltr'>Tnv&#39;au</span> <span class='ocrx_word' id='word_1_172' title='bbox 357 1477 426 1526; x_wconf 84' lang='grc' dir='ltr'><strong><em>εἰπιόν</em></strong></span> <span class='ocrx_word' id='word_1_173' title='bbox 441 1483 540 1538; x_wconf 76' lang='grc' dir='ltr'><strong><em>ἐκέλευσε</em></strong></span> <span class='ocrx_word' id='word_1_174' title='bbox 556 1479 611 1532; x_wconf 81' lang='grc' dir='ltr'><strong><em>τεός</em></strong></span> <span class='ocrx_word' id='word_1_175' title='bbox 633 1482 790 1539; x_wconf 76' lang='grc' dir='ltr'><strong><em>δαιμονῶντας</em></strong></span> <span class='ocrx_word' id='word_1_176' title='bbox 810 1483 845 1527; x_wconf 79' lang='grc' dir='ltr'>καί</span> <span class='ocrx_word' id='word_1_177' title='bbox 869 1479 946 1532; x_wconf 87' lang='grc' dir='ltr'><strong><em>νόσοις</em></strong></span> <span class='ocrx_word' id='word_1_178' title='bbox 962 1483 1061 1537; x_wconf 84' lang='grc' dir='ltr'><strong><em>ἐγκατει-</em></strong></span> 
     </span>
    </p>
   </div>
   <div class='ocr_carea' id='block_1_3' title="bbox 74 1622 1063 2810">
    <p class='ocr_par' dir='ltr' id='par_1_3' title="bbox 74 1622 1063 2810">
     <span class='ocr_line' id='line_1_19' title="bbox 100 1622 1061 1681; baseline -0.004 -15"><span class='ocrx_word' id='word_1_179' title='bbox 100 1624 141 1666; x_wconf 89' lang='lat' dir='ltr'>tale</span> <span class='ocrx_word' id='word_1_180' title='bbox 157 1628 278 1679; x_wconf 76' lang='lat' dir='ltr'>operentur,</span> <span class='ocrx_word' id='word_1_181' title='bbox 294 1622 355 1678; x_wconf 85' lang='lat' dir='ltr'>quale</span> <span class='ocrx_word' id='word_1_182' title='bbox 369 1623 408 1666; x_wconf 89' lang='lat' dir='ltr'>Dei</span> <span class='ocrx_word' id='word_1_183' title='bbox 423 1624 493 1667; x_wconf 79' lang='lat' dir='ltr'>astra?</span> <span class='ocrx_word' id='word_1_184' title='bbox 523 1624 555 1667; x_wconf 92' lang='lat' dir='ltr'>An</span> <span class='ocrx_word' id='word_1_185' title='bbox 570 1623 639 1681; x_wconf 81' lang='lat' dir='ltr'>lucent</span> <span class='ocrx_word' id='word_1_186' title='bbox 654 1623 707 1667; x_wconf 89' lang='lat' dir='ltr'>sient</span> <span class='ocrx_word' id='word_1_187' title='bbox 723 1623 766 1678; x_wconf 86' lang='lat' dir='ltr'>sot,</span> <span class='ocrx_word' id='word_1_188' title='bbox 782 1623 855 1678; x_wconf 88' lang='lat' dir='ltr'>quibus</span> <span class='ocrx_word' id='word_1_189' title='bbox 866 1623 967 1665; x_wconf 88' lang='lat' dir='ltr'>-luoernas</span> <span class='ocrx_word' id='word_1_190' title='bbox 983 1634 1061 1664; x_wconf 86' lang='lat' dir='ltr'>acoen-</span> 
     </span>
     <span class='ocr_line' id='line_1_20' title="bbox 101 1687 1061 1753; baseline -0.002 -17"><span class='ocrx_word' id='word_1_191' title='bbox 101 1695 164 1737; x_wconf 76' lang='lat' dir='ltr'>diust</span> <span class='ocrx_word' id='word_1_192' title='bbox 195 1695 321 1749; x_wconf 87' lang='lat' dir='ltr'>Possuntue,</span> <span class='ocrx_word' id='word_1_193' title='bbox 337 1699 360 1736; x_wconf 91' lang='lat' dir='ltr'>ut</span> <span class='ocrx_word' id='word_1_194' title='bbox 375 1694 440 1736; x_wconf 90' lang='lat' dir='ltr'>nubes</span> <span class='ocrx_word' id='word_1_195' title='bbox 455 1695 540 1736; x_wconf 81' lang='lat' dir='ltr'>imbrem</span> <span class='ocrx_word' id='word_1_196' title='bbox 555 1687 641 1753; x_wconf 72' lang='lat' dir='ltr'>ferunt,</span> <span class='ocrx_word' id='word_1_197' title='bbox 657 1695 684 1736; x_wconf 89' lang='lat' dir='ltr'>ita</span> <span class='ocrx_word' id='word_1_198' title='bbox 700 1699 720 1735; x_wconf 90' lang='lat' dir='ltr'>et</span> <span class='ocrx_word' id='word_1_199' title='bbox 741 1694 779 1747; x_wconf 91' lang='lat' dir='ltr'>ipsi</span> <span class='ocrx_word' id='word_1_200' title='bbox 795 1695 883 1748; x_wconf 80' lang='lat' dir='ltr'>pluviam</span> <span class='ocrx_word' id='word_1_201' title='bbox 899 1694 961 1749; x_wconf 88' lang='lat' dir='ltr'>dare,</span> <span class='ocrx_word' id='word_1_202' title='bbox 983 1694 1018 1747; x_wconf 86' lang='lat' dir='ltr'>qui</span> <span class='ocrx_word' id='word_1_203' title='bbox 1034 1705 1061 1733; x_wconf 92' lang='lat' dir='ltr'>ne</span> 
     </span>
     <span class='ocr_line' id='line_1_21' title="bbox 74 1757 1061 1820; baseline 0.002 -17"><span class='ocrx_word' id='word_1_204' title='bbox 74 1766 156 1819; x_wconf 78' lang='lat' dir='ltr'>abipsos</span> <span class='ocrx_word' id='word_1_205' title='bbox 172 1766 253 1820; x_wconf 89' lang='lat' dir='ltr'>quidem</span> <span class='ocrx_word' id='word_1_206' title='bbox 269 1778 292 1807; x_wconf 91' lang='lat' dir='ltr'>se</span> <span class='ocrx_word' id='word_1_207' title='bbox 307 1778 391 1808; x_wconf 89' lang='lat' dir='ltr'>movere</span> <span class='ocrx_word' id='word_1_208' title='bbox 406 1765 483 1820; x_wconf 85' lang='lat' dir='ltr'>vatent,</span> <span class='ocrx_word' id='word_1_209' title='bbox 499 1766 537 1808; x_wconf 91' lang='lat' dir='ltr'>nisi</span> <span class='ocrx_word' id='word_1_210' title='bbox 552 1765 577 1806; x_wconf 92' lang='lat' dir='ltr'>ab</span> <span class='ocrx_word' id='word_1_211' title='bbox 593 1765 709 1807; x_wconf 91' lang='lat' dir='ltr'>hominibus</span> <span class='ocrx_word' id='word_1_212' title='bbox 724 1757 894 1819; x_wconf 80' lang='lat' dir='ltr'>prehendantur?</span> <span class='ocrx_word' id='word_1_213' title='bbox 925 1765 977 1806; x_wconf 88' lang='lat' dir='ltr'>Num</span> <span class='ocrx_word' id='word_1_214' title='bbox 992 1770 1061 1806; x_wconf 83' lang='lat' dir='ltr'>terrae</span> 
     </span>
     <span class='ocr_line' id='line_1_22' title="bbox 100 1834 1061 1892; baseline -0.001 -16"><span class='ocrx_word' id='word_1_215' title='bbox 100 1847 137 1889; x_wconf 89' lang='lat' dir='ltr'>pro</span> <span class='ocrx_word' id='word_1_216' title='bbox 153 1836 259 1878; x_wconf 81' lang='lat' dir='ltr'>laboribus</span> <span class='ocrx_word' id='word_1_217' title='bbox 276 1836 351 1879; x_wconf 87' lang='lat' dir='ltr'>vestris</span> <span class='ocrx_word' id='word_1_218' title='bbox 367 1849 404 1880; x_wconf 89' lang='lat' dir='ltr'>eos</span> <span class='ocrx_word' id='word_1_219' title='bbox 414 1837 470 1890; x_wconf 87' lang='lat' dir='ltr'>ipsos</span> <span class='ocrx_word' id='word_1_220' title='bbox 485 1837 585 1890; x_wconf 80' lang='lat' dir='ltr'>praebent</span> <span class='ocrx_word' id='word_1_221' title='bbox 601 1836 687 1892; x_wconf 83' lang='lat' dir='ltr'>fruetus7</span> <span class='ocrx_word' id='word_1_222' title='bbox 703 1836 776 1890; x_wconf 88' lang='lat' dir='ltr'>quibus</span> <span class='ocrx_word' id='word_1_223' title='bbox 792 1836 811 1877; x_wconf 86' lang='lat' dir='ltr'>ei</span> <span class='ocrx_word' id='word_1_224' title='bbox 827 1835 927 1877; x_wconf 83' lang='lat' dir='ltr'>sacrificia</span> <span class='ocrx_word' id='word_1_225' title='bbox 944 1834 1061 1877; x_wconf 76' lang='lat' dir='ltr'>exhibetis?</span> 
     </span>
     <span class='ocr_line' id='line_1_23' title="bbox 100 1906 304 1960; baseline 0 -11"><span class='ocrx_word' id='word_1_226' title='bbox 100 1906 133 1949; x_wconf 86' lang='lat' dir='ltr'>Sic</span> <span class='ocrx_word' id='word_1_227' title='bbox 148 1906 197 1947; x_wconf 89' lang='lat' dir='ltr'>nihii</span> <span class='ocrx_word' id='word_1_228' title='bbox 211 1912 304 1960; x_wconf 89' lang='lat' dir='ltr'>possunt.</span> 
     </span>
     <span class='ocr_line' id='line_1_24' title="bbox 156 1975 1061 2032; baseline 0.001 -16"><span class='ocrx_word' id='word_1_229' title='bbox 156 1975 217 2019; x_wconf 87' lang='lat' dir='ltr'>XXV.</span> <span class='ocrx_word' id='word_1_230' title='bbox 248 1976 289 2019; x_wconf 88' lang='lat' dir='ltr'>Sed</span> <span class='ocrx_word' id='word_1_231' title='bbox 305 1977 343 2019; x_wconf 90' lang='lat' dir='ltr'>etsi</span> <span class='ocrx_word' id='word_1_232' title='bbox 367 1978 458 2020; x_wconf 89' lang='lat' dir='ltr'>valerent</span> <span class='ocrx_word' id='word_1_233' title='bbox 478 1976 553 2031; x_wconf 88' lang='lat' dir='ltr'>aliquid</span> <span class='ocrx_word' id='word_1_234' title='bbox 575 1977 657 2032; x_wconf 83' lang='lat' dir='ltr'>faeere,</span> <span class='ocrx_word' id='word_1_235' title='bbox 682 1989 724 2018; x_wconf 88' lang='lat' dir='ltr'>non</span> <span class='ocrx_word' id='word_1_236' title='bbox 747 1982 804 2019; x_wconf 87' lang='lat' dir='ltr'>reete</span> <span class='ocrx_word' id='word_1_237' title='bbox 825 1989 863 2019; x_wconf 90' lang='lat' dir='ltr'>eos</span> <span class='ocrx_word' id='word_1_238' title='bbox 885 1976 981 2018; x_wconf 85' lang='lat' dir='ltr'>diceretis</span> <span class='ocrx_word' id='word_1_239' title='bbox 1003 1976 1061 2031; x_wconf 75' lang='grc' dir='ltr'><strong><em>(λοσε,</em></strong></span> 
     </span>
     <span class='ocr_line' id='line_1_25' title="bbox 101 2046 1060 2102; baseline -0.003 -14"><span class='ocrx_word' id='word_1_240' title='bbox 101 2047 196 2100; x_wconf 90' lang='lat' dir='ltr'>quoniam</span> <span class='ocrx_word' id='word_1_241' title='bbox 211 2060 251 2089; x_wconf 85' lang='lat' dir='ltr'>nee</span> <span class='ocrx_word' id='word_1_242' title='bbox 266 2047 313 2089; x_wconf 84' lang='lat' dir='ltr'>lieet</span> <span class='ocrx_word' id='word_1_243' title='bbox 330 2047 430 2089; x_wconf 85' lang='lat' dir='ltr'>eienrenta</span> <span class='ocrx_word' id='word_1_244' title='bbox 446 2047 497 2089; x_wconf 87' lang='lat' dir='ltr'>deos</span> <span class='ocrx_word' id='word_1_245' title='bbox 513 2047 623 2102; x_wconf 80' lang='lat' dir='ltr'>appellare,</span> <span class='ocrx_word' id='word_1_246' title='bbox 638 2060 676 2101; x_wconf 91' lang='lat' dir='ltr'>per</span> <span class='ocrx_word' id='word_1_247' title='bbox 692 2060 745 2101; x_wconf 90' lang='lat' dir='ltr'>quae</span> <span class='ocrx_word' id='word_1_248' title='bbox 761 2047 916 2100; x_wconf 73' lang='lat' dir='ltr'>suppeditantur</span> <span class='ocrx_word' id='word_1_249' title='bbox 928 2048 990 2088; x_wconf 90' lang='lat' dir='ltr'>bona.</span> <span class='ocrx_word' id='word_1_250' title='bbox 1022 2046 1060 2089; x_wconf 90' lang='lat' dir='ltr'>Sed</span> 
     </span>
     <span class='ocr_line' id='line_1_26' title="bbox 75 2117 1063 2171; baseline 0.001 -15"><span class='ocrx_word' id='word_1_251' title='bbox 75 2121 147 2158; x_wconf 75' lang='lat' dir='ltr'>taeum</span> <span class='ocrx_word' id='word_1_252' title='bbox 164 2117 231 2158; x_wconf 89' lang='lat' dir='ltr'>solum</span> <span class='ocrx_word' id='word_1_253' title='bbox 246 2122 303 2159; x_wconf 81' lang='lat' dir='ltr'>reeta</span> <span class='ocrx_word' id='word_1_254' title='bbox 319 2118 399 2158; x_wconf 78' lang='lat' dir='ltr'>rabone</span> <span class='ocrx_word' id='word_1_255' title='bbox 413 2117 479 2157; x_wconf 89' lang='lat' dir='ltr'>Deum</span> <span class='ocrx_word' id='word_1_256' title='bbox 500 2117 640 2171; x_wconf 78' lang='lat' dir='ltr'>nominamus,</span> <span class='ocrx_word' id='word_1_257' title='bbox 663 2117 698 2170; x_wconf 88' lang='lat' dir='ltr'>qui</span> <span class='ocrx_word' id='word_1_258' title='bbox 717 2128 770 2158; x_wconf 79' lang='lat' dir='ltr'>rmus</span> <span class='ocrx_word' id='word_1_259' title='bbox 790 2118 890 2159; x_wconf 87' lang='lat' dir='ltr'>elementa</span> <span class='ocrx_word' id='word_1_260' title='bbox 911 2118 1021 2171; x_wconf 82' lang='lat' dir='ltr'>ordinavit,</span> <span class='ocrx_word' id='word_1_261' title='bbox 1041 2121 1063 2157; x_wconf 91' lang='lat' dir='ltr'>ut</span> 
     </span>
     <span class='ocr_line' id='line_1_27' title="bbox 101 2187 1062 2242; baseline -0.002 -13"><span class='ocrx_word' id='word_1_262' title='bbox 101 2188 125 2229; x_wconf 89' lang='lat' dir='ltr'>ad</span> <span class='ocrx_word' id='word_1_263' title='bbox 142 2193 236 2229; x_wconf 88' lang='lat' dir='ltr'>nostrum</span> <span class='ocrx_word' id='word_1_264' title='bbox 251 2200 311 2229; x_wconf 90' lang='lat' dir='ltr'>usum</span> <span class='ocrx_word' id='word_1_265' title='bbox 326 2192 399 2228; x_wconf 79' lang='lat' dir='ltr'>cuneta</span> <span class='ocrx_word' id='word_1_266' title='bbox 413 2187 542 2241; x_wconf 82' lang='lat' dir='ltr'>perficerent,</span> <span class='ocrx_word' id='word_1_267' title='bbox 560 2187 635 2240; x_wconf 84' lang='lat' dir='ltr'>quique</span> <span class='ocrx_word' id='word_1_268' title='bbox 653 2188 757 2240; x_wconf 79' lang='lat' dir='ltr'>praecepit</span> <span class='ocrx_word' id='word_1_269' title='bbox 772 2187 873 2229; x_wconf 89' lang='lat' dir='ltr'>inservire</span> <span class='ocrx_word' id='word_1_270' title='bbox 884 2188 967 2229; x_wconf 91' lang='lat' dir='ltr'>homini.</span> <span class='ocrx_word' id='word_1_271' title='bbox 999 2187 1062 2242; x_wconf 77' lang='lat' dir='ltr'>Cujus</span> 
     </span>
     <span class='ocr_line' id='line_1_28' title="bbox 100 2258 1061 2313; baseline -0.002 -13"><span class='ocrx_word' id='word_1_272' title='bbox 100 2270 137 2300; x_wconf 92' lang='lat' dir='ltr'>vos</span> <span class='ocrx_word' id='word_1_273' title='bbox 153 2259 276 2300; x_wconf 84' lang='lat' dir='ltr'>beneficium</span> <span class='ocrx_word' id='word_1_274' title='bbox 291 2271 332 2300; x_wconf 91' lang='lat' dir='ltr'>nou</span> <span class='ocrx_word' id='word_1_275' title='bbox 347 2259 468 2313; x_wconf 79' lang='lat' dir='ltr'>sentientes,</span> <span class='ocrx_word' id='word_1_276' title='bbox 484 2270 538 2312; x_wconf 77' lang='lat' dir='ltr'>quae</span> <span class='ocrx_word' id='word_1_277' title='bbox 554 2258 613 2299; x_wconf 86' lang='lat' dir='ltr'>robis</span> <span class='ocrx_word' id='word_1_278' title='bbox 628 2269 690 2299; x_wconf 87' lang='lat' dir='ltr'>serva</span> <span class='ocrx_word' id='word_1_279' title='bbox 705 2258 778 2298; x_wconf 85' lang='lat' dir='ltr'>tributa</span> <span class='ocrx_word' id='word_1_280' title='bbox 795 2263 843 2299; x_wconf 92' lang='lat' dir='ltr'>sunt</span> <span class='ocrx_word' id='word_1_281' title='bbox 858 2258 970 2313; x_wconf 86' lang='lat' dir='ltr'>elementa,</span> <span class='ocrx_word' id='word_1_282' title='bbox 993 2258 1061 2299; x_wconf 90' lang='lat' dir='ltr'>domi-</span> 
     </span>
     <span class='ocr_line' id='line_1_29' title="bbox 101 2327 1062 2384; baseline 0 -14"><span class='ocrx_word' id='word_1_283' title='bbox 101 2341 140 2371; x_wconf 91' lang='lat' dir='ltr'>nos</span> <span class='ocrx_word' id='word_1_284' title='bbox 156 2334 238 2372; x_wconf 84' lang='lat' dir='ltr'>vestros</span> <span class='ocrx_word' id='word_1_285' title='bbox 254 2329 390 2371; x_wconf 79' lang='lat' dir='ltr'>renuntiastis.</span> <span class='ocrx_word' id='word_1_286' title='bbox 420 2328 445 2370; x_wconf 88' lang='lat' dir='ltr'>Et</span> <span class='ocrx_word' id='word_1_287' title='bbox 461 2328 508 2383; x_wconf 84' lang='lat' dir='ltr'>quid</span> <span class='ocrx_word' id='word_1_288' title='bbox 525 2328 550 2370; x_wconf 92' lang='lat' dir='ltr'>de</span> <span class='ocrx_word' id='word_1_289' title='bbox 567 2328 673 2370; x_wconf 85' lang='lat' dir='ltr'>elementis</span> <span class='ocrx_word' id='word_1_290' title='bbox 689 2327 781 2381; x_wconf 77' lang='lat' dir='ltr'>loquor?</span> <span class='ocrx_word' id='word_1_291' title='bbox 809 2328 858 2369; x_wconf 86' lang='lat' dir='ltr'>Cum</span> <span class='ocrx_word' id='word_1_292' title='bbox 874 2329 961 2370; x_wconf 90' lang='lat' dir='ltr'>inanima</span> <span class='ocrx_word' id='word_1_293' title='bbox 978 2342 1062 2384; x_wconf 83' lang='lat' dir='ltr'>quoque</span> 
     </span>
     <span class='ocr_line' id='line_1_30' title="bbox 102 2396 1063 2455; baseline -0.002 -14"><span class='ocrx_word' id='word_1_294' title='bbox 102 2400 174 2454; x_wconf 76' lang='lat' dir='ltr'>sigua,</span> <span class='ocrx_word' id='word_1_295' title='bbox 190 2412 243 2453; x_wconf 83' lang='lat' dir='ltr'>quae</span> <span class='ocrx_word' id='word_1_296' title='bbox 259 2399 385 2455; x_wconf 79' lang='lat' dir='ltr'>fabricastis,</span> <span class='ocrx_word' id='word_1_297' title='bbox 409 2412 450 2441; x_wconf 93' lang='lat' dir='ltr'>non</span> <span class='ocrx_word' id='word_1_298' title='bbox 466 2396 645 2454; x_wconf 80' lang='lat' dir='ltr'>modoadoretis,</span> <span class='ocrx_word' id='word_1_299' title='bbox 668 2398 705 2440; x_wconf 88' lang='lat' dir='ltr'>sed</span> <span class='ocrx_word' id='word_1_300' title='bbox 721 2404 745 2440; x_wconf 87' lang='lat' dir='ltr'>et</span> <span class='ocrx_word' id='word_1_301' title='bbox 763 2398 819 2440; x_wconf 87' lang='lat' dir='ltr'>velut</span> <span class='ocrx_word' id='word_1_302' title='bbox 843 2399 898 2440; x_wconf 89' lang='lat' dir='ltr'>servi</span> <span class='ocrx_word' id='word_1_303' title='bbox 919 2400 1003 2440; x_wconf 90' lang='lat' dir='ltr'>omnino</span> <span class='ocrx_word' id='word_1_304' title='bbox 1024 2400 1063 2440; x_wconf 88' lang='lat' dir='ltr'>iltis</span> 
     </span>
     <span class='ocr_line' id='line_1_31' title="bbox 76 2470 1060 2530; baseline 0.001 -19"><span class='ocrx_word' id='word_1_305' title='bbox 76 2471 176 2526; x_wconf 80' lang='lat' dir='ltr'>tosubjioi</span> <span class='ocrx_word' id='word_1_306' title='bbox 192 2472 282 2524; x_wconf 85' lang='lat' dir='ltr'>cupiatis.</span> <span class='ocrx_word' id='word_1_307' title='bbox 312 2471 361 2513; x_wconf 91' lang='lat' dir='ltr'>Ideo</span> <span class='ocrx_word' id='word_1_308' title='bbox 377 2483 415 2525; x_wconf 91' lang='lat' dir='ltr'>per</span> <span class='ocrx_word' id='word_1_309' title='bbox 430 2470 552 2511; x_wconf 84' lang='lat' dir='ltr'>dementiam</span> <span class='ocrx_word' id='word_1_310' title='bbox 566 2475 655 2512; x_wconf 86' lang='lat' dir='ltr'>vestram</span> <span class='ocrx_word' id='word_1_311' title='bbox 671 2470 749 2511; x_wconf 84' lang='lat' dir='ltr'>redacti</span> <span class='ocrx_word' id='word_1_312' title='bbox 770 2471 818 2512; x_wconf 89' lang='lat' dir='ltr'>estis</span> <span class='ocrx_word' id='word_1_313' title='bbox 840 2471 859 2511; x_wconf 93' lang='lat' dir='ltr'>iu</span> <span class='ocrx_word' id='word_1_314' title='bbox 882 2471 1005 2530; x_wconf 88' lang='lat' dir='ltr'>daemonum</span> <span class='ocrx_word' id='word_1_315' title='bbox 1021 2483 1060 2526; x_wconf 89' lang='lat' dir='ltr'>po-</span> 
     </span>
     <span class='ocr_line' id='line_1_32' title="bbox 101 2540 1061 2596; baseline 0 -12"><span class='ocrx_word' id='word_1_316' title='bbox 101 2546 203 2585; x_wconf 82' lang='lat' dir='ltr'>testatem.</span> <span class='ocrx_word' id='word_1_317' title='bbox 233 2542 308 2583; x_wconf 84' lang='lat' dir='ltr'>Verum</span> <span class='ocrx_word' id='word_1_318' title='bbox 323 2554 361 2596; x_wconf 92' lang='lat' dir='ltr'>per</span> <span class='ocrx_word' id='word_1_319' title='bbox 378 2542 502 2595; x_wconf 78' lang='lat' dir='ltr'>agnitionem</span> <span class='ocrx_word' id='word_1_320' title='bbox 518 2540 557 2582; x_wconf 84' lang='lat' dir='ltr'>Dei</span> <span class='ocrx_word' id='word_1_321' title='bbox 572 2545 593 2581; x_wconf 92' lang='lat' dir='ltr'>et</span> <span class='ocrx_word' id='word_1_322' title='bbox 608 2541 662 2581; x_wconf 87' lang='lat' dir='ltr'>bona</span> <span class='ocrx_word' id='word_1_323' title='bbox 676 2552 742 2594; x_wconf 70' lang='lat' dir='ltr'>,opera</span> <span class='ocrx_word' id='word_1_324' title='bbox 756 2541 840 2593; x_wconf 88' lang='lat' dir='ltr'>potestis</span> <span class='ocrx_word' id='word_1_325' title='bbox 855 2542 929 2583; x_wconf 86' lang='lat' dir='ltr'>iterum</span> <span class='ocrx_word' id='word_1_326' title='bbox 946 2542 991 2584; x_wconf 88' lang='lat' dir='ltr'>beri</span> <span class='ocrx_word' id='word_1_327' title='bbox 1003 2543 1061 2596; x_wconf 81' lang='lat' dir='ltr'>effici,</span> 
     </span>
     <span class='ocr_line' id='line_1_33' title="bbox 103 2610 1063 2670; baseline -0.001 -16"><span class='ocrx_word' id='word_1_328' title='bbox 103 2618 123 2654; x_wconf 91' lang='lat' dir='ltr'>et</span> <span class='ocrx_word' id='word_1_329' title='bbox 139 2611 274 2654; x_wconf 88' lang='lat' dir='ltr'>daemonibus</span> <span class='ocrx_word' id='word_1_330' title='bbox 289 2613 345 2654; x_wconf 85' lang='lat' dir='ltr'>vetut</span> <span class='ocrx_word' id='word_1_331' title='bbox 358 2612 423 2654; x_wconf 89' lang='lat' dir='ltr'>servis</span> <span class='ocrx_word' id='word_1_332' title='bbox 438 2613 551 2667; x_wconf 87' lang='lat' dir='ltr'>imperare,</span> <span class='ocrx_word' id='word_1_333' title='bbox 574 2611 672 2670; x_wconf 74' lang='grc' dir='ltr'><strong><em>νοεῖται</em></strong></span> <span class='ocrx_word' id='word_1_334' title='bbox 690 2610 724 2651; x_wconf 87' lang='lat' dir='ltr'>filii</span> <span class='ocrx_word' id='word_1_335' title='bbox 738 2611 776 2652; x_wconf 91' lang='lat' dir='ltr'>Dei</span> <span class='ocrx_word' id='word_1_336' title='bbox 799 2614 894 2655; x_wconf 84' lang='lat' dir='ltr'>constitui</span> <span class='ocrx_word' id='word_1_337' title='bbox 909 2614 988 2655; x_wconf 88' lang='lat' dir='ltr'>aeterni</span> <span class='ocrx_word' id='word_1_338' title='bbox 1004 2613 1063 2668; x_wconf 78' lang='lat' dir='ltr'>regni</span> 
     </span>
     <span class='ocr_line' id='line_1_34' title="bbox 102 2683 967 2733; baseline -0.001 -7"><span class='ocrx_word' id='word_1_339' title='bbox 102 2683 200 2726; x_wconf 85' lang='lat' dir='ltr'>heredes.</span> <span class='ocrx_word' id='word_1_340' title='bbox 965 2730 967 2733; x_wconf 57' lang='grc'>,</span> 
     </span>
     <span class='ocr_line' id='line_1_35' title="bbox 159 2750 1061 2810; baseline -0.002 -13"><span class='ocrx_word' id='word_1_341' title='bbox 159 2751 230 2797; x_wconf 85' lang='lat' dir='ltr'>XXVI.</span> <span class='ocrx_word' id='word_1_342' title='bbox 261 2752 295 2795; x_wconf 92' lang='lat' dir='ltr'>His</span> <span class='ocrx_word' id='word_1_343' title='bbox 311 2752 379 2810; x_wconf 82' lang='lat' dir='ltr'>dictis,</span> <span class='ocrx_word' id='word_1_344' title='bbox 391 2754 452 2809; x_wconf 84' lang='lat' dir='ltr'>jussit</span> <span class='ocrx_word' id='word_1_345' title='bbox 467 2752 613 2796; x_wconf 88' lang='lat' dir='ltr'>daemoniacos</span> <span class='ocrx_word' id='word_1_346' title='bbox 630 2756 649 2793; x_wconf 88' lang='lat' dir='ltr'>et</span> <span class='ocrx_word' id='word_1_347' title='bbox 664 2750 741 2794; x_wconf 90' lang='lat' dir='ltr'>morbis</span> <span class='ocrx_word' id='word_1_348' title='bbox 757 2759 869 2808; x_wconf 82' lang='lat' dir='ltr'>occupatos</span> <span class='ocrx_word' id='word_1_349' title='bbox 890 2754 915 2796; x_wconf 93' lang='lat' dir='ltr'>ad</span> <span class='ocrx_word' id='word_1_350' title='bbox 937 2768 960 2798; x_wconf 89' lang='lat' dir='ltr'>se</span> <span class='ocrx_word' id='word_1_351' title='bbox 981 2754 1061 2810; x_wconf 78' lang='lat' dir='ltr'>adduci,</span> 
     </span>
    </p>
   </div>
   <div class='ocr_carea' id='block_1_4' title="bbox 103 2883 1138 3199">
    <p class='ocr_par' dir='ltr' id='par_1_4' title="bbox 133 2883 842 2943">
     <span class='ocr_line' id='line_1_36' title="bbox 133 2883 842 2943; baseline 0.001 -12"><span class='ocrx_word' id='word_1_352' title='bbox 133 2887 289 2963; x_wconf 75' lang='lat' dir='ltr'>1.Leg.6S</span> <span class='ocrx_word' id='word_1_353' title='bbox 625 2883 842 2932; x_wconf 80' lang='lat'>306666100</span> 
     </span>
    </p>

    <p class='ocr_par' dir='ltr' id='par_1_5' title="bbox 103 2945 1138 3183">
     <span class='ocr_line' id='line_1_37' title="bbox 132 2945 1062 3021; baseline 0.002 -31"><span class='ocrx_word' id='word_1_354' title='bbox 132 2956 150 2990; x_wconf 97' lang='grc'>2</span> <span class='ocrx_word' id='word_1_355' title='bbox 178 2965 317 3021; x_wconf 73' lang='lat'>666666066666;</span> <span class='ocrx_word' id='word_1_356' title='bbox 332 2964 367 2989; x_wconf 88' lang='grc' dir='ltr'>τον</span> <span class='ocrx_word' id='word_1_357' title='bbox 381 2965 523 3005; x_wconf 84' lang='grc' dir='ltr'><strong><em>αντσντροπον</em></strong></span> <span class='ocrx_word' id='word_1_358' title='bbox 536 2964 571 3001; x_wconf 88' lang='grc' dir='ltr'>της</span> <span class='ocrx_word' id='word_1_359' title='bbox 625 2953 644 2989; x_wconf 86' lang='grc'><strong>4</strong></span> <span class='ocrx_word' id='word_1_360' title='bbox 675 2945 708 3019; x_wconf 81' lang='lat'>666</span> <span class='ocrx_word' id='word_1_361' title='bbox 730 2950 788 2991; x_wconf 78' lang='grc' dir='ltr'><strong><em>τοῦτο</em></strong></span> <span class='ocrx_word' id='word_1_362' title='bbox 810 2947 894 2997; x_wconf 79' lang='grc' dir='ltr'><strong><em>ἐαντσός</em></strong></span> <span class='ocrx_word' id='word_1_363' title='bbox 917 2948 941 2992; x_wconf 86' lang='grc' dir='ltr'>δι</span> <span class='ocrx_word' id='word_1_364' title='bbox 965 2945 1026 2992; x_wconf 80' lang='lat'>6666.</span> <span class='ocrx_word' id='word_1_365' title='bbox 1043 2953 1062 2991; x_wconf 84' lang='lat' dir='ltr'>G.</span> 
     </span>
     <span class='ocr_line' id='line_1_38' title="bbox 103 3004 1063 3062; baseline 0.002 -14"><span class='ocrx_word' id='word_1_366' title='bbox 103 3010 137 3062; x_wconf 72' lang='grc' dir='ltr'>γῆς</span> <span class='ocrx_word' id='word_1_367' title='bbox 153 3013 195 3056; x_wconf 86' lang='grc' dir='ltr'><strong><em>τοῖς</em></strong></span> <span class='ocrx_word' id='word_1_368' title='bbox 210 3007 282 3055; x_wconf 85' lang='grc' dir='ltr'><strong><em>πόνοις</em></strong></span> <span class='ocrx_word' id='word_1_369' title='bbox 297 3005 352 3060; x_wconf 62' lang='grc' dir='ltr'><strong><em>ὑμεῖς</em></strong></span> <span class='ocrx_word' id='word_1_370' title='bbox 366 3007 439 3055; x_wconf 79' lang='lat'>666666</span> <span class='ocrx_word' id='word_1_371' title='bbox 455 3012 535 3060; x_wconf 83' lang='lat' dir='ltr'>conjecit</span> <span class='ocrx_word' id='word_1_372' title='bbox 553 3015 571 3048; x_wconf 84' lang='lat' dir='ltr'>et</span> <span class='ocrx_word' id='word_1_373' title='bbox 595 3006 645 3048; x_wconf 87' lang='lat' dir='ltr'>Si</span> <span class='ocrx_word' id='word_1_374' title='bbox 635 3004 719 3054; x_wconf 84' lang='grc' dir='ltr'><strong><em>εαντοός</em></strong></span> <span class='ocrx_word' id='word_1_375' title='bbox 740 3012 814 3050; x_wconf 86' lang='lat' dir='ltr'>retineri</span> <span class='ocrx_word' id='word_1_376' title='bbox 829 3010 885 3060; x_wconf 83' lang='lat' dir='ltr'>velis,</span> <span class='ocrx_word' id='word_1_377' title='bbox 906 3010 1004 3061; x_wconf 78' lang='lat' dir='ltr'>legendum</span> <span class='ocrx_word' id='word_1_378' title='bbox 1022 3024 1063 3050; x_wconf 90' lang='lat' dir='ltr'>esse</span> 
     </span>
     <span class='ocr_line' id='line_1_39' title="bbox 104 3065 1137 3141; baseline 0.003 -34"><span class='ocrx_word' id='word_1_379' title='bbox 104 3070 190 3108; x_wconf 87' lang='lat' dir='ltr'>versione</span> <span class='ocrx_word' id='word_1_380' title='bbox 207 3069 333 3119; x_wconf 81' lang='lat' dir='ltr'>expressitG,</span> <span class='ocrx_word' id='word_1_381' title='bbox 349 3066 474 3121; x_wconf 79' lang='grc' dir='ltr'><strong><em>παρέχονται,</em></strong></span> <span class='ocrx_word' id='word_1_382' title='bbox 492 3065 570 3141; x_wconf 77' lang='grc' dir='ltr'><strong><em>δνγρό-</em></strong></span> <span class='ocrx_word' id='word_1_383' title='bbox 595 3068 667 3105; x_wconf 88' lang='lat' dir='ltr'>videtur</span> <span class='ocrx_word' id='word_1_384' title='bbox 689 3074 762 3108; x_wconf 84' lang='lat' dir='ltr'>anctore</span> <span class='ocrx_word' id='word_1_385' title='bbox 784 3072 805 3109; x_wconf 88' lang='lat' dir='ltr'>S:</span> <span class='ocrx_word' id='word_1_386' title='bbox 833 3066 960 3140; x_wconf 63' lang='grc' dir='ltr'><strong><em>ηποχεηρίονς</em></strong></span> <span class='ocrx_word' id='word_1_387' title='bbox 983 3085 1063 3122; x_wconf 83' lang='grc' dir='ltr'><strong><em>πετοιη-</em></strong></span> <span class='ocrx_word' id='word_1_388' title='bbox 1134 3108 1137 3125; x_wconf 27' lang='grc' dir='ltr'><strong>ζ</strong></span> 
     </span>
     <span class='ocr_line' id='line_1_40' title="bbox 104 3124 1138 3199; baseline 0.002 -34"><span class='ocrx_word' id='word_1_389' title='bbox 104 3142 140 3166; x_wconf 86' lang='grc' dir='ltr'>πον</span> <span class='ocrx_word' id='word_1_390' title='bbox 156 3125 166 3179; x_wconf 86' lang='lat'>6</span> <span class='ocrx_word' id='word_1_391' title='bbox 182 3127 219 3199; x_wconf 72' lang='lat'>663</span> <span class='ocrx_word' id='word_1_392' title='bbox 233 3133 275 3197; x_wconf 77' lang='grc' dir='ltr'><strong><em>ηοῑς</em></strong></span> <span class='ocrx_word' id='word_1_393' title='bbox 290 3124 360 3172; x_wconf 84' lang='grc' dir='ltr'><strong><em>πόνοις</em></strong></span> <span class='ocrx_word' id='word_1_394' title='bbox 376 3128 418 3166; x_wconf 86' lang='grc' dir='ltr'><strong><em>κτλ.</em></strong></span> <span class='ocrx_word' id='word_1_395' title='bbox 434 3131 448 3167; x_wconf 92' lang='lat' dir='ltr'>D</span> <span class='ocrx_word' id='word_1_396' title='bbox 454 3127 570 3196; x_wconf 61' lang='grc' dir='ltr'><strong><em>,παρέχον</em></strong></span> <span class='ocrx_word' id='word_1_397' title='bbox 595 3140 652 3174; x_wconf 84' lang='grc' dir='ltr'><strong><em>κατε,</em></strong></span> <span class='ocrx_word' id='word_1_398' title='bbox 668 3133 687 3165; x_wconf 86' lang='lat' dir='ltr'>ut</span> <span class='ocrx_word' id='word_1_399' title='bbox 703 3129 814 3168; x_wconf 85' lang='lat' dir='ltr'>aeonsativns</span> <span class='ocrx_word' id='word_1_400' title='bbox 830 3124 999 3180; x_wconf 79' lang='grc' dir='ltr'><strong><em>ἐνντοίςλιελιοτλ,</em></strong></span> <span class='ocrx_word' id='word_1_401' title='bbox 1016 3131 1063 3168; x_wconf 85' lang='lat' dir='ltr'>nude</span> <span class='ocrx_word' id='word_1_402' title='bbox 1134 3127 1138 3155; x_wconf 64' lang='lat'>³</span> 
     </span>
    </p>
   </div>
   <div class='ocr_carea' id='block_1_5' title="bbox 104 3183 1063 3300">
    <p class='ocr_par' dir='ltr' id='par_1_6' title="bbox 104 3183 1063 3300">
     <span class='ocr_line' id='line_1_41' title="bbox 104 3183 1063 3239; baseline 0.006 -16"><span class='ocrx_word' id='word_1_403' title='bbox 104 3199 148 3232; x_wconf 82' lang='grc' dir='ltr'><strong><em>ται,</em></strong></span> <span class='ocrx_word' id='word_1_404' title='bbox 170 3189 200 3232; x_wconf 69' lang='grc' dir='ltr'><strong><em>οῖς</em></strong></span> <span class='ocrx_word' id='word_1_405' title='bbox 215 3184 285 3232; x_wconf 81' lang='grc' dir='ltr'><strong><em>αίτοῖς</em></strong></span> <span class='ocrx_word' id='word_1_406' title='bbox 307 3185 380 3238; x_wconf 70' lang='grc' dir='ltr'><strong><em>τῆς]</em></strong></span> <span class='ocrx_word' id='word_1_407' title='bbox 324 3184 392 3239; x_wconf 78' lang='lat'>6666</span> <span class='ocrx_word' id='word_1_408' title='bbox 412 3184 458 3234; x_wconf 73' lang='grc' dir='ltr'><strong><em>τοὺς</em></strong></span> <span class='ocrx_word' id='word_1_409' title='bbox 478 3189 518 3238; x_wconf 81' lang='lat' dir='ltr'>(rel</span> <span class='ocrx_word' id='word_1_410' title='bbox 534 3183 569 3228; x_wconf 83' lang='grc' dir='ltr'>πό</span> <span class='ocrx_word' id='word_1_411' title='bbox 594 3186 684 3236; x_wconf 86' lang='lat' dir='ltr'>pendeat,</span> <span class='ocrx_word' id='word_1_412' title='bbox 705 3194 734 3227; x_wconf 86' lang='lat' dir='ltr'>ant</span> <span class='ocrx_word' id='word_1_413' title='bbox 755 3189 808 3228; x_wconf 87' lang='lat' dir='ltr'>etiam</span> <span class='ocrx_word' id='word_1_414' title='bbox 832 3184 879 3228; x_wconf 75' lang='lat'>666²</span> <span class='ocrx_word' id='word_1_415' title='bbox 900 3185 984 3234; x_wconf 75' lang='grc' dir='ltr'><strong><em>ἑαυτοὺς</em></strong></span> <span class='ocrx_word' id='word_1_416' title='bbox 1005 3189 1063 3229; x_wconf 79' lang='lat' dir='ltr'>norri-</span> 
     </span>
     <span class='ocr_line' id='line_1_42' title="bbox 104 3245 680 3300; baseline -0.002 -16"><span class='ocrx_word' id='word_1_417' title='bbox 104 3247 161 3300; x_wconf 75' lang='grc' dir='ltr'><strong><em>ρους)</em></strong></span> <span class='ocrx_word' id='word_1_418' title='bbox 176 3245 219 3285; x_wconf 86' lang='grc' dir='ltr'><strong><em>κτλ..</em></strong></span> <span class='ocrx_word' id='word_1_419' title='bbox 233 3245 354 3297; x_wconf 89' lang='lat' dir='ltr'>proposuerit</span> <span class='ocrx_word' id='word_1_420' title='bbox 346 3246 387 3285; x_wconf 89' lang='lat' dir='ltr'>tS</span> <span class='ocrx_word' id='word_1_421' title='bbox 595 3246 680 3294; x_wconf 79' lang='lat' dir='ltr'>gendum</span> 
     </span>
    </p>
   </div>
   <div class='ocr_carea' id='block_1_6' title="bbox 0 0 1149 3612">
    <p class='ocr_par' dir='ltr' id='par_1_7' title="bbox 0 0 1149 3612">
     <span class='ocr_line' id='line_1_43' title="bbox 0 0 1149 3612; baseline 0 0"><span class='ocrx_word' id='word_1_422' title='bbox 0 0 1149 3612; x_wconf 95' lang='lat' dir='ltr'> </span> 
     </span>
    </p>
   </div>
  </div>
 </body>
</html>
