2276 3612
101 230 131 280 ur,
149 233 241 272 οε-εο,
409 224 410 228 ’
562 227 604 273 114

98 360 121 387 σε
136 341 216 399 ἀξιῶν,
233 345 265 397 οἷς
279 341 354 402 ἀρέοαι
370 339 422 388 τινοί
441 337 575 403 ἀμήχανονς
598 345 646 402 Θεῷ
661 345 685 392 δὲ
700 338 880 399 εύπράττοντα1
896 336 1067 395 δονατολιατον,.

98 411 138 457 διὸΙ
155 415 236 471 δέομαι
260 410 382 473 προθύμως
404 409 561 468 ἀναδέξασθαι
568 450 576 471 ‚
597 409 634 459 διαί
650 413 737 467 ,Θεόνῆ
757 407 795 457 διαί
810 411 923 469 Χριστὸν,
945 411 1003 471 ύπὲρ
1023 413 1063 470 τής

98 476 201 541 ἀδελφοῖν
220 485 339 541 σωτηρίας,
360 479 420 541 ύπέρ
440 481 534 528 αύτολνὸ
553 485 688 542 οἰκονομίας
704 484 740 531 καί
756 483 796 539 ohe
810 478 926 538 ἀφελείας.
976 531 977 534 ,
1019 515 1021 520 >
1057 538 1059 542 μ

156 556 212 598 LXV.
242 555 288 599 Καὶ
311 549 335 599 τί
351 553 429 609 ἕτερον
448 552 473 601 δέ,
487 550 587 611 λόγισαι,
603 552 657 610 ζὸτι,
680 553 753 610 ὥσπερ
777 547 883 609 κάματον
902 554 1063 601 καλκίνδννον

74 637 84 669 u
100 629 143 686 ἐγει
159 623 183 670 τὸ
198 621 240 681 τήν
256 623 359 681 Χριστού
374 622 493 680 ἐκκλησίαν
510 626 654 683 οἰκονομεῖν,
670 623 769 684 τοσούτῳ
784 623 865 681 μείζων
880 620 1064 681 ὁμισθύςνάλλ

99 699 132 740 ἐτι
146 690 195 752 μήν
210 695 247 740 καί
263 691 277 750 ή
292 692 383 744 κόλασις
397 693 482 757 μείζων·
505 695 535 753 τῷ
556 694 676 753 δυναμένῳ
697 693 734 739 καί
751 689 910 749 ἀπειθήσαντι.
947 692 1063 752 βούλομαι

98 761 152 818 οὖν,
167 766 370 823 πολομαθὲστερον
386 760 450 815 εἰδώς
465 782 488 809 σε
504 767 550 810 τοῖν
565 761 722 823 παρεστώτων,
738 762 866 819 δανείζειν4
881 761 951 813 καλάς
962 759 1064 821 γνοίμας,

99 832 125 884 ἀς
141 835 204 893 acopo}
216 836 257 880 τού
272 836 349 892 κνρίοκ
364 835 521 881 πεπίστεασαι.
541 841 602 889 tha,
622 829 648 880 εὖ
663 825 731 880 δούλε
752 830 876 891 ἀγαθέκαί
891 834 973 886 πιστέ,
994 828 1063 877 ἀκού-

98 923 150 965 σης,
166 906 202 950 καί
216 901 264 963 μή5
279 903 353 963 ὥσπερ
369 902 380 951 ὁ
395 901 421 951 τὸ
436 904 461 952 ἐν
478 902 615 966 ἀποκρύψας
630 901 757 958 τάλαντον,
772 899 873 962 ἔγκλημα
889 899 966 962 λαβοίν
974 899 1063 958 κολάσει

74 972 233 1026 τούπεύθκνος
248 973 376 1035 ἀναφανῇς.
411 979 431 1021 εἰ
451 977 474 1023 δὲ
489 976 523 1035 μή
544 974 623 1033 βούλει
642 971 732 1032 ἀγαθός
748 973 822 1033 φύλαξ
842 972 1000 1032 καταοτήναιθ,
1021 973 1064 1029 τής

98 1047 226 1104 ἐκκλησίας,
240 1051 318 1105 ἕτερον
332 1042 386 1092 ἀντί
404 1048 446 1092 σού
459 1043 576 1105 μήννοον,
590 1046 633 1092 σού
649 1047 858 1103 πολνμαθέστερσν
871 1046 907 1091 καί
923 1037 1063 1102 πιστότερον.

99 1113 166 1163 ἀλλ’7
181 1115 209 1163 ού
226 1113 309 1167 δύσεις.
339 1113 367 1162 σύ
383 1113 426 1174 γοίρ
441 1118 478 1162 καὶ
494 1116 524 1175 τῷ
540 1116 607 1172 κηρίῳ
620 1116 698 1173 σανής,
713 1117 750 1162 καλ
760 1113 801 1165 τάς
816 1115 963 1171 θααμαοίοας
973 1113 1065 1174 προήξεις

99 1181 231 1244 ἱστόρησας,
246 1188 282 1232 καί
298 1186 409 1243 διοίκησιν
424 1186 541 1244 ἐκκλησίας
554 1185 704 1243 μεμάθηκας.

155 1258 221 1301 LXVI.
279 1256 327 1301 Καὶ
343 1257 385 1301 σού
397 1258 444 1314 ’μὲν
460 1259 528 1313 ἔργον
541 1256 587 1299 ἐστί
602 1252 704 1302 κελεύειν
717 1252 732 1300 d
745 1256 784 1311 δεῖ,
799 1257 845 1301 τῶν
852 1253 954 1311 ἀδελφοῖν
964 1254 980 1309 ³,
996 1252 1065 1300 ύπεί-

74 1345 145 1380 maere
161 1328 198 1373 καὶ
214 1321 247 1384 μή
261 1323 375 1371 ἀπειθεῖν.
404 1321 540 1380 ύπείξαντες
556 1328 601 1383 μὲν
617 1321 660 1371 οὖν
677 1325 834 1383 σωθήσονται,
855 1323 1024 1384 ἀπειθήσαντες
1040 1325 1064 1370 δέ

98 1393 143 1445 ύπὸ
159 1398 200 1444 τού
217 1394 336 1453 Χριστού9
355 1393 553 1452 κολασθήσονται,
574 1392 610 1440 ὅτι
626 1391 638 1440 o‘
654 1393 856 1454 προκαθεζόμενος
871 1396 975 1454 Χριστοιλ
991 1392 1064 1454 τόπον

100 1468 255 1514 πεπίστευται.
285 1461 318 1510 διὸ
333 1462 384 1523 ήτοι
399 1461 456 1522 τιμή
471 1462 486 1522 ή
503 1463 572 1523 ύβρις
587 1465 630 1510 τού
646 1467 850 1524 προκαθεζομένον
864 1469 896 1517 εἰς
908 1463 1010 1524 Χριστὸν
1024 1467 1064 1526 φί-

101 1612 121 1651 te
136 1607 186 1650 volo
202 1618 214 1648 a
228 1605 289 1660 plebe
302 1604 400 1661 Judicari,
424 1604 456 1647 cui
473 1605 557 1660 placere
579 1618 641 1649 nemo
660 1606 701 1649 ullo
717 1605 785 1651 studio
807 1612 895 1662 potestp
910 1596 956 1650 curn
976 1607 1064 1650 maxime

101 1679 146 1721 fieri
162 1680 233 1733 queat,
249 1682 281 1732 ut,
297 1675 332 1730 qui
347 1675 402 1717 hene
417 1681 525 1732 operatur,
540 1675 586 1718 Deo
602 1681 674 1732 gratus
690 1677 769 1719 existat.
806 1677 909 1727 Quocirca
929 1689 968 1720 oro
988 1684 1018 1734 te,
1042 1683 1065 1721 ut

75 1750 196 1797 analacriter
218 1747 358 1801 episcopatum
379 1747 490 1803 suscipias,
518 1753 604 1803 propter
625 1746 738 1804 Christum,
762 1760 800 1803 pro
820 1749 906 1792 fratrum
926 1749 1002 1806 salute,
1025 1761 1064 1804 pro

101 1819 220 1863 eorumdem
236 1817 397 1874 gubernatione,
413 1823 434 1860 et
448 1822 484 1860 tua
496 1817 588 1861 utilitate.
642 1843 644 1847 f

157 1890 215 1933 LXV.
243 1887 304 1931 Aliud
320 1889 478 1946 etiamreputa,
495 1889 561 1946 quod,
571 1890 630 1939 sicut
645 1889 754 1933 labore-et
768 1889 861 1945 periculo
877 1902 920 1933 non
937 1895 1004 1944 caret,
1020 1902 1063 1945 gu-

99 1964 188 2006 bernare
205 1960 313 2003 ecclesiam
329 1959 413 2015 Christi,
435 1960 543 2014 ec-maj0r
559 1965 591 2003 est
605 1973 698 2015 merces,
724 1960 760 2003 sed
781 1967 801 2003 et
819 1961 885 2016 major
904 1973 972 2016 poena
992 1961 1011 2003 ei
1024 1961 1065 2015 ,qui

99 2039 177 2089 potest,
192 2037 275 2074 recusat
289 2036 364 2073 tamen.
401 2029 466 2084 Cupio
482 2032 554 2086 igitur,
577 2031 612 2086 qui
636 2037 656 2073 te
672 2032 734 2075 sciam
757 2032 879 2074 adstantium
900 2033 1064 2090 eruditissimum,

75 2106 182 2152 aufoenori
198 2103 235 2146 des
250 2102 346 2156 pulchras
362 2102 486 2158 sententias,
506 2115 560 2157 quae
580 2103 616 2145 titi
637 2115 648 2143 a
664 2102 748 2144 domino
763 2103 850 2145 traditae
866 2108 925 2155 sunt5
944 2108 967 2145 ut
982 2104 1064 2147 audias:

100 2177 159 2229 Eupo
174 2188 233 2216 seruo
249 2173 301 2216 hone
316 2180 336 2215 et
349 2174 428 2227 fidelis,
445 2177 466 2214 et
480 2185 534 2229 non,
552 2172 725 2227 quemadmodum
741 2175 776 2227 qui
791 2186 854 2215 unum
865 2174 962 2229 talentum
972 2176 1064 2218 abscon-

102 2248 141 2304 dit,
157 2246 290 2302 opprobrium
305 2246 371 2302 feras,
387 2251 407 2288 et
422 2245 526 2287 obnoxius
541 2246 639 2300 supplicio
649 2245 767 2288 declareris.
797 2244 831 2288 Sin
842 2257 893 2287 vero
906 2257 948 2287 non
958 2246 1065 2290 visbonus

102 2318 203 2361 ecclesiae
219 2317 316 2360 constitui
331 2323 412 2374 custos,
429 2316 489 2359 alium
503 2328 542 2371 pro
558 2321 579 2359 te
594 2317 671 2372 indica,
697 2317 732 2371 qui
752 2321 773 2358 te
788 2316 814 2358 sit
832 2315 912 2358 doctior
934 2328 958 2358 ac
978 2316 1064 2361 fidelior.

54 2437 56 2448 Ι
102 2388 143 2432 Sed
158 2400 198 2430 non
214 2387 277 2432 dahis.
308 2387 338 2429 Tu
354 2389 407 2430 enirn
424 2393 444 2430 et
461 2401 506 2431 cum
522 2387 605 2430 domino
621 2392 716 2430 versatus
733 2398 755 2429 es
771 2399 795 2428 ac
810 2386 877 2433 vidisti
886 2387 983 2430 mirabilia
995 2401 1065 2445 opera,

53 2449 56 2455 ’
77 2465 123 2506 aoet
138 2459 238 2502 ecclesiae
254 2459 448 2503 administrationem
464 2459 557 2501 didicisti.
933 2490 934 2493 ,
961 2510 962 2513 ¹

160 2528 225 2571 LXVI.
254 2529 309 2571 Tuae
323 2530 385 2585 igitur
399 2536 469 2585 partes
485 2534 543 2586 sunt,
555 2529 631 2584 Juhere
648 2541 683 2584 ea,
699 2539 753 2582 quae
770 2532 864 2582 oportet;
882 2533 952 2582 partes
972 2529 1064 2585 fratrum,

102 2599 206 2654 subjicere
226 2610 249 2641 se
267 2605 286 2641 et
307 2612 348 2642 non
362 2602 470 2657 refragari.
509 2600 646 2655 subjicientes
667 2611 720 2654 ergo
741 2610 768 2653 se,
784 2598 835 2641 salvi
856 2598 913 2642 frent:
934 2600 1065 2657 refragantes

102 2682 154 2712 vero
171 2683 182 2712 a
193 2668 273 2711 Christo
287 2671 403 2723 punientur.
433 2672 534 2721 Quoniam
543 2671 577 2725 qui
586 2669 697 2725 praesidet,
714 2668 788 2711 Christi
800 2669 868 2712 locum
880 2673 965 2726 accepit.
996 2672 1065 2721 Quare

102 2740 238 2795 praesidentis
254 2740 297 2783 sive
313 2740 380 2786 honor
396 2744 440 2788 sive
456 2740 581 2786 contumelia
597 2741 621 2783 ad
638 2739 739 2784 Christum
754 2739 854 2798 refertur,
878 2748 899 2785 et
914 2755 925 2785 a
941 2741 1022 2786 Christo
1039 2742 1064 2783 ad

135 2922 154 2958 1.
186 2913 237 2960 Θεὸν
254 2913 275 2958 δέ
290 2910 311 2959 εύ
328 2916 442 2971 πράττοντα
457 2921 536 2964 πείθειν
552 2919 572 2961 C.
627 2923 645 2958 6.
675 2916 744 2966 Dlegi
758 2919 797 2960 vult
812 2918 972 2971 κατασταθῆναι.

135 2983 154 3017 2.
186 2974 219 3018 διιλ
236 2974 288 3019 Θεόν
304 2989 340 3016 cnr.
358 2978 379 3020 0.
627 2981 646 3016 7.
676 2972 729 3015 ἀλλὰ
748 2976 769 3014 0.

137 3040 155 3076 3.
184 3033 401 3090 ύιιέρεήςαύτῶνῦ.
627 3039 646 3074 8.
677 3030 724 3079 τούς
741 3031 880 3090 ἀδελφούςθ.

137 3099 156 3135 4,
185 3094 293 3143 dapifero.
628 3099 646 3135 9,
676 3089 746 3147 κνρίον
763 3096 782 3134 C.

138 3156 155 3193 5.
185 3156 247 3194 hfatth.
268 3158 301 3207 25,
317 3158 351 3196 21.
377 3150 403 3207 μή
427 3166 464 3193 ncn
488 3156 573 3195 omittere

109 3213 189 3251 debehat
203 3216 215 3253 S
231 3227 247 3252 e.
263 3216 289 3253 Cl.
