2276 3612
545 208 585 252 135
958 210 979 260 V,
996 214 1015 249 a.
1033 212 1052 249 3.

89 317 131 370 οὐκ
147 318 272 382 ἐιλανοίμνμ.
303 319 476 383 σίγραπνούντος
492 323 515 369 da'
529 340 576 382 μον
591 324 723 382 εἰσέδραμον
740 322 767 369 κοί
787 327 812 368 ἐν
827 318 909 382 Ῥώμῃ
930 317 986 379 πρὸς
1011 318 1051 369 av'-

86 393 129 440 τόν
143 407 192 448 μοι’
198 395 388 455 μεμηχανημένα,
406 387 448 449 ’ἦν
463 393 486 438 δὲ
502 394 606 440 τοιαῦτα.
635 397 657 438 ἐκ
673 391 755 444 mandrie
768 388 925 452 ἒνκλΚλήμνρς
940 387 1051 454 ἀληθείας

87 463 155 521 ἐρῶν,
170 464 206 508 καὶ
223 467 294 524 ζητῶν
310 462 337 510 τοί
352 462 583 523 ’ψνχῇιλιαφέρονκα,
606 465 641 508 καί
658 468 688 514 εἰς
704 461 891 514 denotaverant
908 459 1050 513 κατασκεοοίς

88 533 196 579 doncuria
216 534 269 584 τούς
287 530 392 595 χρόνους,
415 534 450 578 καὶ
470 537 547 590 μηθὲν
570 535 660 596 τέλειον
683 533 756 590 εὑρεῖν
777 532 918 591 (λανοίμενος,
939 528 986 577 ὑπὸ
1009 535 1049 591 τῆς

86 597 165 653 οἷνοίας
180 599 298 655 ἐξαίκειλα1
313 599 447 652 εἰςνόσον.Δ
466 605 502 649 καί
518 600 544 661 dr}
559 605 618 663 ἐμοῦ
634 604 797 659 κατακειμένου
812 600 824 649 c‘
839 599 951 648 Ἀππίκιν
967 603 1063 661 dorda-t

84 682 124 730 μεῑ
137 675 165 734 τῆ
180 674 265 732 Ραίμῃ,
281 667 389 730 πατρικὸς
404 670 436 719 α’ίν
450 692 491 732 μοι
507 675 585 730 φίλος,
606 674 642 720 καὶ
658 671 799 725 ἐπιξενοῦται
815 674 879 728 ἐμοί,
900 675 936 720 καὶ
953 672 1047 731 κλινήρη

84 742 170 798 μαθών
185 740 240 802 πρὸς
255 746 295 800 ἐμὲ
310 744 441 803 εἰσέρχεται,
457 740 485 793 νίς
500 746 600 799 ἰατρικῆς
616 739 656 789 οὐκ
671 737 787 798 aptamus,
802 744 837 786 nai
852 741 996 790 πανθανετει
1007 745 1047 800 τῆς

84 815 231 864 κατακλίσεως
247 810 290 869 τήν
307 812 390 858 αἰτίαν.
419 809 460 871 ἐγώ
476 813 499 859 (λλ
515 809 554 860 τὸν
571 812 644 871 οίνιλρα
660 810 703 858 erin
719 810 828 869 οἶγνοαῑν2
842 813 905 860 ποίνα
919 811 1046 862 ’Ῑοτκλαίοας

84 881 111 928 dr'
127 879 255 943 ἀπεχθείας
270 887 365 942 ἔχοντα,
388 879 416 934 ὥς
432 885 468 930 καί
483 880 557 929 πολλοὶ
573 883 657 942 βιβλία
673 877 721 927 κατ’
738 878 813 926 αὐτῶν
838 885 1044 941 σννγεγραφέναιό·

83 954 120 998 καί
137 949 208 999 αὐτὸν
225 953 318 1010 Σίμωνα
334 953 377 999 νῦν
393 953 420 998 cn'
437 952 473 999 tat
490 951 667 1009 φιλομαίλειαν4
681 955 713 1001 εἰς
728 951 807 1009 φιλίαν
818 954 979 1008 προσιέμενον·
996 950 1070 1001 dtt'ro

83 1019 159 1081 ε’πειιλὴ
176 1024 284 1081 Σαμαρία
301 1019 372 1069 αὐτὸν
389 1024 432 1069 otta
447 1023 608 1076 μισοὶὀνιλαῑόν
624 1041 647 1068 τε
660 1022 716 1069 ὄντα
730 1021 766 1066 καὶ
778 1017 836 1066 κατοί
851 1017 966 1073 'laudaiae
976 1041 1044 1081 προε-

82 1091 214 1151 ληλυθότα,
229 1088 265 1138 tat
281 1095 349 1138 τοῦτο
366 1088 438 1150 αὐτὸν
458 1087 662 1152 προσοικειοίσατο,
682 1097 720 1137 ἴνα
737 1089 832 1138 abactae
854 1089 911 1136 κατα
929 1087 1044 1139 ’Iactatae

83 1180 105 1209 τι
120 1160 176 1225 παρ’,
189 1159 258 1208 αἰτοῦ
273 1161 414 1221 μανθάνειν.
460 1205 461 1208 ,

139 1232 170 1277 ΙΙΙ.
206 1233 285 1278 Ταῦτα
301 1227 341 1290 ε’μί
357 1230 482 1291 προειδώς5
505 1235 556 1291 περὶ
570 1234 613 1279 τοι]
628 1227 772 1290 Ἀππίανος,
796 1228 845 1290 ἅμα
868 1231 898 1290 τῷ
921 1233 1044 1278 πυθέσθαι

82 1298 154 1350 αὐτὸν
170 1297 214 1359 τήν,
224 1304 305 1355 αἰτίαν
326 1303 366 1359 τῆς
381 1301 451 1350 νόσον
471 1301 669 1361 προσποιητικιλς6
684 1297 857 1361 απεκρινοίμπν,
880 1301 915 1347 ὅτι
936 1297 963 1346 τοί
985 1302 1068 1352 νέοντο

82 1369 160 1432 πάσχα
175 1374 212 1419 καὶ
227 1369 286 1431 stipa
301 1370 344 1429 τὴν
359 1372 442 1431 ψυχήν.
473 1372 485 1418 ὁ
500 1373 523 1418 di
539 1371 594 1430 πρὸς
610 1371 684 1417 ταῦτα
693 1375 745 1429 ἔφη·
762 1373 850 1425 τέκνον,
865 1368 969 1429 ώςπατρί
982 1378 1042 1429 θαρ-

83 1441 151 1502 σήσας
166 1445 227 1500 λέγε,
242 1446 276 1495 τίς
290 1461 329 1490 ooo
345 1446 385 1503 τῆς
400 1444 473 1503 ψυχῆς
489 1441 503 1502 q‘
519 1439 595 1495 νόσος.
629 1443 688 1504 ἐμοῦ
708 1443 730 1487 di
751 1442 949 1499 προςποινμικκῑς7
971 1440 1042 1501 πάλιν

82 1509 289 1576 α’ναστενοίξαντος,
302 1510 331 1565 οἷς
345 1510 372 1573 dr}
387 1515 439 1571 περὶ
455 1519 535 1572 ἔρωτος
551 1515 624 1560 εἰπεῖν
640 1512 791 1569 catenatam,
810 1510 846 1556 ιλιοί
861 1529 887 1570 ys
902 1513 942 1570 τῆς
958 1513 1042 1570 σιωπῆς

82 1662 227 1713 occurrerunt,
243 1669 297 1712 quae
312 1654 390 1699 Romae
406 1662 478 1700 contra
493 1657 549 1699 illam
565 1662 693 1699 commentus
710 1656 746 1698 fui.
783 1655 834 1700 Sunt
849 1661 917 1699 autem
932 1654 990 1697 haec.
1021 1652 1040 1696 A

79 1739 145 1782 puero
162 1739 202 1782 ego
218 1725 313 1771 Clemens
328 1728 419 1771 veritatis
435 1728 551 1783 studiosus,
568 1739 714 1782 quaerensque
730 1727 810 1769 animae
825 1726 891 1786 utilia,
911 1730 932 1768 et
947 1725 969 1767 in
985 1736 1064 1769 con-at

79 1785 190 1840 futationes
206 1810 230 1839 ac
244 1798 379 1852 probationes
396 1803 476 1852 tempus
496 1798 613 1853 insumens,
637 1797 728 1852 nihilque
744 1798 815 1840 valens
831 1799 876 1840 veri
890 1788 994 1853 invenire,
1011 1797 1039 1838 in
1075 1803 1077 1805 ’

79 1868 173 1910 morbum
190 1880 217 1909 ex
231 1867 304 1910 mentis
319 1868 438 1921 impotentia
454 1868 534 1910 deveni.
566 1867 658 1922 Cumque
675 1867 832 1924 decumberem,
853 1868 938 1910 Romam
955 1868 1039 1910 advenit

79 1940 171 1995 Appion,
185 1944 283 1993 paternus
299 1939 387 1994 amiens,
403 1946 424 1983 et
440 1939 493 1995 apud
509 1953 542 1982 me
557 1939 680 1993 hospitatur:
705 1939 833 1994 audiensque
848 1940 937 1982 iniecto
953 1952 986 1982 me
1000 1940 1037 1994 ja-

79 2024 136 2066 cere,
153 2010 178 2052 ad
193 2022 226 2051 me
240 2010 347 2064 ingressus
364 2015 404 2066 est,
420 2016 523 2065 tamquam
538 2010 630 2053 medicae
646 2010 695 2053 artis
711 2023 754 2053 non
768 2006 886 2065 imperitus3
902 2017 963 2066 atque
975 2016 1037 2064 rogat

79 2094 160 2125 causam
176 2080 289 2123 decubitns.
322 2081 368 2135 Ego
383 2093 435 2124 verc
451 2081 555 2123 hominem
575 2093 617 2123 non
635 2082 758 2136 ignorabam
776 2093 855 2124 summo
875 2080 967 2124 Judaeos
983 2093 1061 2136 pro-aa

78 2154 137 2208 sequi
152 2152 211 2207 odio,
227 2151 279 2200 adeo
293 2157 315 2194 ut
330 2157 350 2193 et
365 2158 438 2194 contra
455 2164 492 2196 ecs
508 2152 582 2195 multos
598 2152 704 2206 scripserit
718 2153 794 2205 libros3
814 2163 869 2193 nnnc
893 2158 950 2194 certe
967 2152 1036 2196 Simo-

77 2237 124 2267 nem
138 2223 204 2278 ipsum
219 2223 239 2263 in
255 2222 362 2264 amicitiam
378 2222 458 2264 admisit
472 2234 515 2265 non
531 2222 613 2277 quidem
629 2222 655 2264 cb
672 2213 764 2265 discendi
784 2221 873 2276 studium
888 2233 913 2262 ac
933 2222 1035 2264 eruditio-

78 2308 134 2338 nem:
150 2294 187 2338 sed
203 2294 250 2349 qnia
265 2293 323 2335 novit
339 2305 385 2335 eum
401 2305 448 2337 esse
464 2293 612 2337 samaritanam
634 2298 655 2334 et
671 2292 803 2348 ,Judaeorum
818 2293 911 2347 hostem,
935 2292 1035 2337 adversus

78 2378 130 2421 quos
147 2367 206 2408 etiam
222 2365 247 2408 sit
261 2376 396 2420 progressus,
411 2364 458 2406 ideo
477 2376 524 2405 enm
539 2354 577 2407 sibi
592 2363 717 2419 conciliavit,
734 2376 774 2419 quo
790 2364 856 2418 possit
871 2363 946 2418 aliquid
962 2364 986 2406 ab
1001 2364 1034 2407 ido

78 2444 150 2481 contra
165 2436 256 2479 Judaeos
271 2436 357 2478 discere.
1040 2449 1060 2483 30

134 2507 166 2551 III.
196 2507 251 2548 Haec
267 2518 307 2561 ego
324 2506 391 2549 sciens
409 2505 434 2548 de
449 2504 550 2561 Appione,
567 2504 625 2549 simul
641 2516 665 2545 ac
681 2515 762 2546 causam
777 2504 844 2546 morbi
858 2506 921 2565 petiit,
936 2501 1045 2562 respondi

77 2579 180 2635 simulate,
198 2591 230 2620 me
243 2578 343 2632 Juvenum
359 2590 418 2620 more
434 2576 528 2619 affectum
544 2576 615 2619 dolere
630 2575 705 2616 animo.
743 2572 776 2616 Ad
790 2574 842 2618 baec
862 2577 896 2618 iile
912 2578 969 2619 duait:
993 2578 1033 2634 Fili,

77 2658 178 2705 tamquam
191 2648 243 2703 patri
257 2648 351 2691 confisus
367 2661 438 2704 narra,
459 2648 542 2702 quinam
557 2648 583 2691 sit
598 2645 658 2688 animi
674 2645 703 2687 tui
718 2646 809 2688 morbus.
847 2645 939 2702 Cumque
957 2649 1031 2691 iterum

76 2723 123 2766 ficte
138 2722 249 2764 vehemens
265 2718 363 2761 ducerem
378 2718 498 2774 suspirium,
524 2719 582 2774 quasi
605 2717 682 2760 veritus
702 2715 763 2758 fateri
783 2728 887 2773 amorem,
913 2719 991 2762 silendo
1012 2725 1032 2762 et

107 2887 125 2923 1.
156 2878 247 2931 ἐξώκειον
263 2883 284 2921 0.
596 2886 615 2922 4.
645 2878 698 2930 Ejeci
714 2881 753 2921 αθ
767 2876 828 2934 αὐτὴν
836 2888 879 2932 post
888 2877 1029 2934 φιλομάθειαν.

106 2949 125 2982 2.
154 2943 223 2992 Dlegi
238 2943 277 2980 uult
292 2936 363 2992 ἀγνοῶ.
399 2943 424 2982 At
439 2942 498 2982 oratio
514 2947 542 2981 est
566 2945 609 2982 Tum
624 2937 753 2994 προσιέμενον
768 2942 795 2988 D,
811 2940 927 2994 προσέμενεν
944 2943 957 2979 C
973 2945 994 2981 Ο.

77 2997 230 3048 ανατόλονθος,
252 3012 305 3050 quum
324 3003 380 3040 verbo
401 2998 489 3054 προιδὼν
510 3015 541 3040 re·
595 3003 613 3040 5.
642 2995 741 3053 προειδώς
757 3000 823 3049 scripsi
838 3001 957 3050 exconject,
974 3005 1031 3053 προϊ.

76 3066 155 3099 sumatur
166 3059 279 3110 participium
287 3055 369 3110 ἀγνοῶν.
399 3062 485 3111 Alioquin
493 3062 540 3100 scri·
565 3055 629 3108 abac,
646 3056 735 3112 προϊιλὼς
745 3058 765 3096 0.
789 3059 889 3109 Τκιπτῲθ
902 3061 946 3110 ab,
963 3062 1025 3103 τοῦθ,

76 3122 155 3159 bendum
171 3115 322 3171 essetqpariour.
338 3119 357 3156 S.
595 3123 613 3157 6.
644 3116 785 3170 προσποιητῶς
801 3117 820 3156 C.

107 3183 126 3219 3.
155 3175 314 3232 drapayqaqa'rat
329 3177 349 3216 C.
594 3180 613 3217 7.
643 3175 784 3232 προσποιηκῶς
798 3175 817 3216 G.
