2276 3612
128 232 165 284 mr,
183 237 247 274 2—4.
587 232 631 277 κιο
669 209 670 212 ’

128 343 164 392 ιλιιλ
181 345 221 394 αὸν
241 344 365 404 θρύλλονῑ,
389 347 426 390 ἵνα
446 344 519 399 ούνας
546 346 645 406 ύψοιμυκλ
667 344 850 397 συνεισελθόνοες
873 345 921 404 ύμα
942 342 996 404 ύμῖν
1019 340 1086 405 ύμεν.

123 415 233 480 1κοῖκεῑθεν
247 413 328 470 ὁμοίως
343 413 401 471 μεταλ
418 414 443 461 ού
459 417 679 479 εἰιιμεῑναιῆμερύν
701 416 763 464 ἄλλοι
785 412 837 462 οἶσθ’
852 415 919 476 ύμύν
935 419 967 467 εἰς
985 412 1013 461 κύ
1033 421 1085 464 ἐκέ-

128 505 190 533 κεινα
205 482 262 533 κακοὶ
278 487 401 543 ἐφημερίας
415 486 556 545 κρούξοσιν,
571 485 611 539 κολς
627 490 700 542 ξενίας
715 482 881 544 ἑκοιμύζονοες.

184 558 215 600 ΙΙΙ.
249 556 330 601 Ταύκα
345 556 388 601 κού
405 556 493 612 Πέτρου
507 556 612 608 εἰκύυεος
627 556 809 617 ύναμκολοθυσοιν
828 558 958 604 συνθέσθαι
974 559 1084 613 λέγοντες·

103 646 113 678 5
129 624 156 672 ού
173 623 236 680 αύνυ
249 624 322 684 ἡμᾶς,
338 626 412 683 κύριε,
432 627 498 672 λοκεῑ
512 630 578 674 κούιο
595 628 715 687 αρύακειν,
737 626 772 673 616
788 624 813 672 κύ
828 624 874 673 ύιιύ
891 626 931 674 σού
946 626 1085 675 κελεύεσθαι.
1103 646 1104 649 ’

127 699 217 753 κρύκον
232 698 287 752 μέν,
302 694 337 741 ὅκι
352 693 429 742 κύντα
446 699 519 749 καλῶς
533 699 609 745 νοεῖν2
632 718 660 752 κει
676 701 711 744 καὶ
734 694 898 756 συμβουλεύειν
919 696 980 751 ύξιος
995 694 1025 743 66
1039 696 1085 746 ύκύ

124 770 166 825 τῆς
176 768 218 814 κού
227 768 289 813 Θεού
297 768 408 824 προνοίας
418 768 524 826 §pompam
554 769 610 827 ιιρύς
619 767 708 819 κούοοις
716 770 739 815 66
754 770 790 814 ἑκλ
800 769 809 797 5
824 765 850 814 ού
866 763 925 813 noto*
941 764 1030 825 ἦμεριύν
1046 765 1085 816 ιλύο

125 838 213 900 α’νύνκμ
228 838 271 885 κού
289 836 399 897 πραύνειν
415 835 631 897 οἶαολιμικανύμεθύ
647 852 696 887 σου·
718 841 753 885 καὶ
774 833 841 884 αύκαι
863 842 908 896 μὲν
929 839 1010 884 πολλοὶ
1030 836 1085 894 πρὸς

124 907 150 955 ού
165 906 199 968 μή
214 928 237 955 οε
253 904 295 955 νύν,
309 906 387 968 κύριον
402 907 467 969 ἡμῶν
483 909 538 968 ὀροῖν
554 911 655 968 Πέτρον,
670 907 729 968 amp
745 907 893 968 λογιζόμεθα,
908 906 943 953 ύκι
958 909 1085 954 κλεῖονλυ-

99 979 272 1037 ιοκηθύοονκαι
288 983 309 1024 οἱ
323 976 383 1026 πολύ
398 977 489 1039 μακρύν
505 977 711 1036 κροκεμιιύμονσι,
729 975 757 1028 οἷς
772 981 809 1024 ἐπὶ
831 987 909 1025 κλεῖον
923 975 1046 1035 οἷνοιμένιιν
1062 997 1084 1023 οε

125 1045 182 1094 κακύ
199 1049 267 1095 κύλιν
283 1051 450 1107 κεκελευσμένοι
459 1049 477 1101 4,
501 1046 623 1128 ρῖνιύμενοι
646 1052 670 1092 ἐν
682 1049 715 1128 νῷ
736 1050 772 1093 sat
794 1051 870 1095 κλεῖον
893 1047 1028 1105 ἐστερῆσθαι
1043 1051 1084 1094 κού

125 1115 449 1177 ύροῖνσοοιύαερικύθυκον
465 1115 592 1175 πρόσοικον
622 1119 658 1162 καὶ
674 1135 707 1174 cyp
709 1136 737 1168 εις
753 1136 794 1164 ουκ
807 1118 918 1165 ελαοιον
928 1122 1016 1164 εκειναν
1027 1112 1084 1164 aco

124 1189 224 1245 μούυκες
246 1187 275 1239 ολς
296 1186 394 1239 κελεύεις
417 1187 454 1235 ιλιύ
475 1186 501 1233 ού
522 1188 639 1245 συμφέρον
662 1197 735 1233 κοιεῑν
750 1184 789 1234 ούκ
813 1186 1017 1249 οἶνοιλέμομευ.ἰ
1006 1190 1065 1249 σμοῖς

124 1261 197 1305 οσύια
213 1258 318 1312 truttam
334 1261 450 1317 κροῆξαν,
466 1255 588 1315 ενκολύν”
575 1277 691 1341 εχονκες,
691 1263 714 1306 ἐν
731 1262 761 1319 τῷ
776 1258 854 1319 κρύκῳ
870 1258 995 1319 αανιλοχειιο
1012 1275 1082 1314 κ-ροο

99 1333 232 1415 ιῡομιλῆμαι
252 1331 281 1390 τῷ
304 1331 506 1388 ουνοιλοικορούνιι
526 1327 596 1389 ὄχλῳ,
617 1327 679 1383 ὅκως
701 1331 819 1389 οιιοριλιλην
841 1326 910 1377 α’λλύλ
913 1346 943 1374 αν
962 1322 1082 1386 γενόμενοι

124 1405 156 1451 εἰς
171 1400 221 1452 κύς
219 1398 305 1452 πόλεις
320 1402 469 1462 εἰσερχωνκαι

181 1473 213 1517 IV.
245 1472 410 1531 Πορευθένκωυ
425 1467 466 1518 οὖν
482 1467 557 1517 ούεύν
578 1466 618 1528 ἐγώ
634 1470 729 1530 Κλήμης
748 1468 851 1529 μιμύλιος
866 1474 955 1531 ἔχαιρον
961 1503 968 1523 ,
991 1465 1026 1514 tta
1041 1463 1083 1513 σύν

1075 1188 1084 1216 6

126 1617 186 1659 etiam
202 1615 291 1671 ingressi
306 1628 347 1657 una
362 1615 469 1658 vobiscum
490 1614 558 1657 simus.
595 1613 621 1656 Et
640 1614 688 1656 inde
708 1613 810 1668 similiter,
833 1625 879 1654 cnm
902 1612 945 1655 dies
964 1612 991 1654 ibi
1006 1612 1083 1666 aliquot

125 1687 298 1742 transegerimus,
316 1685 348 1726 alii
363 1697 401 1738 pro
421 1685 480 1727 vohis
503 1684 587 1727 ulterius
607 1697 645 1738 per
664 1685 720 1727 vices
736 1684 861 1738 praecedent
882 1690 902 1726 et
917 1683 1004 1738 hospitia
1019 1695 1082 1737 prae-

98 1757 230 1811 ceparanum.

181 1827 213 1869 111.
243 1825 299 1868 Haec
315 1826 396 1867 dicente
411 1826 471 1867 Petro
488 1825 607 1868 necessario
624 1827 782 1881 acquieverunt,
799 1826 896 1881 dicentes,
911 1837 953 1866 non
968 1824 1027 1866 valde
1036 1837 1081 1880 nos,

122 1896 218 1953 Domine,
234 1896 339 1939 contristat
354 1895 394 1938 hoc
411 1908 488 1952 agere7
504 1896 600 1950 quoniam
617 1910 628 1938 a
644 1902 664 1938 te
677 1897 768 1952 jubetur.
797 1896 862 1938 Primo
878 1895 959 1950 quidem
965 1928 970 1951 ,
987 1895 1033 1949 qnia
1043 1895 1081 1937 Dei

123 1968 252 2023 providentia
268 1967 360 2009 delectus
377 1979 410 2022 es,
432 1967 506 2022 dignus
522 1968 556 2021 qui
572 1973 645 2010 cuneta
660 1968 766 2022 praeclare
790 1968 870 2022 cogites
893 1972 954 2021 atque
977 1965 1080 2008 consulas.

123 2040 155 2081 Ad
170 2039 222 2081 haec
237 2050 301 2089 vero,
317 2038 364 2091 qnia
379 2037 500 2091 plerumque
515 2051 552 2091 per
568 2038 651 2080 biduum
673 2044 749 2080 tantum
771 2039 892 2081 necessitate
917 2036 1081 2091 praecedendia

97 2116 143 2155 cote
159 2111 273 2153 oberimus:
292 2107 341 2149 itlud
357 2113 425 2153 autem
440 2108 527 2161 spatium
543 2109 635 2162 quamvis
651 2109 735 2162 longum
757 2109 793 2164 sit,
814 2109 861 2150 dnm
884 2116 905 2151 te
927 2122 968 2151 non
988 2110 1081 2152 videmus

123 2182 228 2224 dominum
246 2184 340 2222 nostrum
363 2178 457 2234 Ροῐιιιιιι,
477 2184 564 2221 attamen
586 2180 709 2235 cogitamus,
729 2179 791 2221 multo
814 2181 918 2222 molestius
939 2180 1025 2235 laturos,
1047 2180 1081 2234 qui

122 2253 205 2307 tongins
220 2250 328 2305 praemissi
342 2254 401 2305 sunt⁷
417 2253 487 2304 utpote
499 2250 570 2304 Jnssos
586 2255 606 2292 te
622 2250 697 2293 diutius
712 2262 749 2304 per
762 2250 825 2293 urbes
835 2256 962 2306 exspectare,
978 2257 998 2294 et
1008 2253 1080 2293 anxios

124 2324 180 2378 quod
196 2327 281 2378 aspectu
295 2319 436 2363 desiderabilis
452 2320 519 2363 vatus
535 2322 564 2363 tui
578 2335 617 2376 per
632 2322 716 2364 multum
733 2326 812 2375 tempus
829 2322 868 2364 sint
882 2322 961 2376 privati.
997 2322 1022 2364 Et
1044 2333 1080 2364 nos

123 2407 166 2436 non
180 2395 245 2436 minus
260 2392 298 2435 illis
314 2392 383 2434 tristes
397 2391 468 2434 facere
485 2393 656 2446 quemadmodum
669 2393 732 2448 Jubes
744 2398 828 2446 propter
843 2393 947 2435 utilitatem
955 2404 997 2433 non
1008 2404 1079 2434 mora-

97 2478 174 2511 eomur.
205 2464 230 2506 Et
245 2463 276 2505 his
291 2462 337 2504 ιλιι
324 2468 348 2504 rs
363 2475 510 2519 praecessere
527 2470 612 2518 accepto
629 2465 736 2518 mandato
758 2464 814 2504 utin
836 2464 900 2517 primo
922 2463 1010 2517 hospitio
1027 2463 1080 2505 alto—

122 2541 236 2592 querentur
250 2534 397 2576 multitudinem
414 2534 502 2577 simnl't
488 2540 527 2577 rtet
540 2540 647 2590 agentem
671 2546 712 2589 quo
729 2534 814 2588 sparsim
831 2540 850 2577 et
870 2548 920 2579 ase
935 2547 968 2576 mu
970 2540 1042 2577 tuor
1023 2534 1081 2578 divisi

121 2606 283 2664 ingrederentur
298 2604 395 2648 civitates.

178 2678 210 2721 tv.
242 2675 277 2718 His
292 2676 351 2731 igitur
369 2675 465 2731 profectis
481 2686 522 2730 ego
539 2673 634 2717 Clemens
649 2674 708 2717 valde
724 2675 806 2730 gavisus
824 2686 873 2731 snm,
891 2674 946 2730 qnod
962 2688 994 2717 me
1009 2687 1079 2719 secum

151 2826 168 2863 t.
199 2819 291 2862 θλύλλον
307 2821 327 2858 Ο.
612 2815 812 2869 ιλκολιμιιανομὲνοος
832 2833 874 2859 σου.
908 2821 994 2860 Fortasse
1016 2826 1078 2861 nostro

149 2887 168 2920 2.
198 2884 261 2921 noreio
278 2880 324 2917 Cod.
340 2880 384 2928 tteg.
401 2882 442 2918 804
459 2884 477 2918 et
492 2879 530 2916 tum
612 2879 655 2915 tooo
671 2882 715 2926 post
734 2873 810 2923 ιούιοις
832 2875 853 2918 δὲ
874 2880 976 2918 addendum
997 2876 1027 2920 ὅτι
1049 2893 1079 2919 se*

150 2944 168 2979 3.
200 2936 280 2980 ἐκεὶθ.
318 2934 450 2989 Τιιιιιανιιρκῃ
471 2937 506 2976 τοῦ
526 2932 588 3005 κρού-
615 2937 727 2974 cundnmS.

120 3013 160 3051 ρειι
183 3002 230 3048 conj.
252 2999 283 3047 G.
311 2993 387 3047 6662661
413 2997 471 3035 οούκο
494 2991 588 3047 ιιροολγειν
643 2998 661 3033 4
682 2990 882 3061 κεκελεοούμενοιθ
908 2997 967 3036 rum
959 2994 1078 3053 ε’σιερηοθαι

120 3059 164 3098 id'
160 3071 178 3097 nr
193 3065 255 3106 textu,
273 3029 331 3104 60
355 3050 429 3105 ἀνάγκη
444 3054 479 3094 νού
494 3051 590 3106 κρύκιειν
614 3049 636 3092 κύ
653 3049 703 3105 ὁρᾶν
719 3053 732 3091 G
747 3055 804 3092 minus
820 3060 878 3093 recte

122 3116 181 3156 ao6ao
198 3119 244 3156 God.
260 3117 305 3165 Reg.
314 3117 363 3166 804
378 3114 589 3163 Epitonresc.7tlraec
644 3115 662 3150 5.
693 3108 827 3184 ἑλοίιιονμθ.

122 3176 185 3214 habet:
210 3173 279 3216 ἔπειτα
295 3171 327 3221 oe,
350 3169 382 3212 ύιι
404 3187 431 3217 ως
445 3166 556 3223 ἐκικολύρ
545 3186 589 3223 pne·
644 3176 662 3212 6.
692 3168 778 3221 Ιλοθ,Γ
771 3168 825 3224 ύμως
841 3171 893 3210 00.

123 3233 163 3287 ρῶν
187 3232 221 3274 δύο
242 3230 317 3286 ἀιύνκη
339 3230 398 3272 τούτο
424 3228 517 3286 κρύκιειν
536 3227 589 3283 ἡμᾶς
