2276 3612
89 220 151 269 nunt,
170 224 202 260 re.
220 225 252 262 15.
559 219 600 262 364

153 335 204 380 XIV.
235 339 266 381 Εἰ
282 337 314 386 dt,
329 332 358 383 οἷς
374 332 430 391 ηης,
450 339 513 380 ἔσται
530 332 567 380 <td
583 336 607 380 τὸ
623 336 706 380 attinet
722 331 758 380 ελιοί
775 334 817 379 τού
832 329 910 391 Ἰησού
926 333 972 379 νύν
986 335 1058 378 ποίοιν

94 402 313 456 ἀποκαλύπτεσθαι,
329 405 375 453 πώς
392 400 432 449 ούκ
449 402 588 450 εἰδικώτατον
604 406 687 463 λέγεις,
708 407 807 457 ἐκείνους
831 403 892 458 μέν1
911 400 944 460 μη
967 405 1057 461 εἠνοικί-

95 491 146 529 ναι)
160 473 217 521 ἑπτα
234 472 328 524 οτύλονς
349 470 497 531 ὑπάρξαντας
518 472 604 535 κύσμηι,
625 477 662 521 καί
687 471 818 532 δικαιοτάτῳ
840 475 888 531 Oro]
911 471 1057 531 εύαρεστηοαι

95 544 246 602 δυναμένους,
267 545 302 589 καί
325 543 449 594 τοσούτους
471 545 493 590 dt
519 548 563 593 νύν
582 541 627 591 dod
650 551 694 593 ταν
714 546 790 590 tecue
806 541 895 602 αόεβεῑς
917 542 985 594 ὄντας
1000 538 1057 588 nond

70 613 172 660 13παῘντα
189 619 285 673 ηνοιναι,·
310 608 375 661 οὗτοι
398 614 484 666 παντὸς
505 618 646 673 κρείττονεςῖ
663 621 746 676 ηνώναι
767 612 794 661 ού
813 614 998 673 κατηξιώθησανς
1022 617 1057 659 καί

96 689 140 734 πώς
156 688 199 731 εὀτὶ
214 689 280 732 τούτο
296 683 403 745 α’μαθύν,
423 685 434 732 ὃ
450 684 482 745 μη
500 685 587 732 ιλίκαιόν
603 694 678 745 ἐστινς
698 683 759 737 ἐκτὸς
776 691 795 731 εἰ
809 684 843 742 μη
860 682 952 743 dynato
969 684 1056 742 θίληςό

94 757 166 814 λέγειν
183 753 211 803 ού
226 758 265 803 τὸν
281 755 445 816 εύερηετούντα
462 756 516 809 τούς
532 758 780 817 ιλικαιοπραγησανοας,
802 753 859 804 οίλλοὶ
876 750 916 800 τείν
932 751 1055 813 αἠαποίντα

93 823 147 877 τούς
163 825 275 881 οίιλίκονςί,
292 824 334 874 ede
349 825 383 884 μη
400 826 552 882 πιστεύωσιν,
567 829 599 879 οἷς
614 832 650 875 καί
665 827 692 874 τοί
709 826 828 886 ιίπόρρητα
844 822 1025 876 οίποκαλύπτειν,
1041 823 1055 870 τί

95 896 189 947 ελικαίοις
205 896 354 958 α’ποκαλύψαι
369 898 411 945 ούκ
430 897 550 958 η’θίληοεν.
583 896 609 944 τὸ
627 897 671 957 yda
692 900 797 945 τοιούτον
819 895 870 944 odes
889 892 980 954 οίηαθῴ,
1002 894 1055 941 odos

68 965 376 1026 1ούικαίηιπροοηκει,οίλλοί
393 972 422 1029 τη]
439 967 695 1029 εὐοεμειςμεμιοητόιι.
732 966 765 1025 μη
790 986 811 1012 τι
829 963 855 1013 σύ
878 968 909 1020 εἷ,
929 968 1021 1025 Σίμοιν,
1043 966 1054 1012 ὁ

92 1034 168 1090 ἑστώς,
183 1033 194 1082 d
209 1039 282 1083 ταῦτα
298 1037 368 1088 ούτας
382 1037 417 1096 μη
432 1057 489 1083 ποτε
505 1040 604 1098 ῥηθέντα
619 1043 690 1085 εἰπεῖν
705 1034 938 1095 οίποθρασννύμενος,Ι

150 1108 193 1153 XV.
224 1110 271 1154 Καὶ
287 1106 298 1154 ὁ
315 1111 393 1165 Σίμων
409 1110 446 1153 ἐπὶ
463 1105 535 1167 τούτῳ
551 1107 707 1167 ἀγανακτήσας
729 1113 782 1166 ἔφη·
799 1106 840 1170 τὸν
856 1106 896 1155 οόν
919 1109 1054 1156 dedetractor

92 1182 156 1224 αἰτιῶ
172 1178 296 1224 εἰπόντα5·
319 1181 499 1237 ἐξομολογοῦμαί
523 1199 556 1226 σοι
580 1178 640 1239 κύριε
662 1182 703 1224 τού
718 1174 817 1235 ούρανού
837 1182 873 1226 καί
893 1182 932 1237 της
947 1181 999 1239 yde,
1019 1181 1054 1226 ὅτι

92 1248 150 1307 οἵπερ
169 1248 198 1307 ἦν
220 1247 307 1307 κρνπτοί
328 1261 413 1307 σοφοῖς,
436 1248 586 1304 οίπεκιίλνψας
607 1245 665 1295 ούτοί
689 1250 780 1306 νηπίοις
800 1248 951 1306 θηλοίζονσιν.
986 1253 1022 1296 καί
1042 1252 1054 1296 ὁ

66 1322 187 1377 15Πὲνρος·
204 1317 263 1366 ούτα
278 1321 333 1377 με’ν,
349 1325 405 1377 ἔφη,
427 1318 520 1377 ὁλὸγος
536 1318 577 1367 odi
593 1321 685 1379 ἐλέχθη·
709 1319 748 1377 ἐρα]
767 1318 790 1364 dd
810 1321 912 1376 cedson,
938 1318 966 1370 ύς
981 1318 1053 1371 οὕτως

91 1392 211 1447 εἰρημένον
226 1387 300 1445 ὥσπερ
316 1407 350 1434 σοι
366 1392 450 1442 ε’ἐλοξεν.
486 1387 498 1435 ὁ
520 1386 595 1447 κύριος
613 1386 690 1447 ηιμών,
713 1392 775 1447 εἴπερ
798 1391 834 1435 καί
850 1386 946 1447 εἰρηκει,
968 1391 982 1436 τί
1001 1409 1051 1436 τινα

90 1457 118 1518 ἦν
134 1458 221 1517 κροπτιί
239 1471 327 1516 σοφοῖς,
345 1463 418 1504 τούτο
436 1462 528 1517 νηπίοις
543 1458 689 1515 α’πεκοίλνψεν
705 1457 716 1504 ὁ
732 1459 819 1516 πατήρ,
834 1455 882 1505 odd’
898 1459 967 1510 σύτας
983 1460 1052 1506 ἄλλον

92 1527 151 1577 (datr
167 1534 203 1576 καί
220 1535 306 1587 πατέρα
322 1533 444 1588 σημαίνειν
459 1533 575 1586 ἐνομίζετο
591 1526 653 1586 παρα
669 1528 709 1574 τὸν
725 1532 831 1575 κτίσαντα
842 1526 983 1586 τὸνκύομον.
1013 1536 1052 1576 ε’ν-

91 1602 175 1661 ύέχεται
190 1601 234 1661 yde
250 1601 322 1648 αύτού
338 1602 397 1646 εἶναι
413 1603 455 1646 τού
469 1601 609 1657 ελημιονργού
624 1597 651 1644 τοί
668 1596 754 1656 κροπτοί
771 1598 786 1644 τί
802 1597 889 1656 ἔλεγεν,
912 1603 940 1658 τῷ
961 1603 996 1647 καί
1012 1598 1052 1648 τὸν

64 1757 84 1790 20
148 1743 198 1786 XIV.
229 1744 263 1786 Sin
279 1756 339 1798 vero,
355 1744 408 1785 sicut
424 1743 462 1797 ais,
478 1743 534 1785 Deus
551 1754 605 1783 nunc
617 1742 740 1784 revelandus
756 1747 787 1784 est
797 1743 883 1798 cunctis,
899 1749 920 1786 ut
933 1757 1051 1798 cognosca-

90 1822 132 1871 tur⁷
148 1828 184 1868 per
199 1816 280 1870 Jesunr,
295 1827 336 1869 quo
353 1814 415 1855 modo
432 1826 474 1855 non
491 1814 639 1868 iniquissirnuin
655 1813 716 1868 diois,
739 1814 785 1855 iiios
801 1814 884 1867 quidem
903 1826 946 1855 non
968 1827 1050 1870 cogno-

89 1886 154 1939 visse,
171 1887 205 1940 qui
220 1886 289 1927 nrundi
304 1885 388 1927 fuerunt
404 1890 483 1938 septem
499 1884 608 1940 columina,
631 1886 707 1939 quique
717 1886 831 1940 Justissirno
847 1885 892 1926 Deo
909 1886 987 1938 accepti
1003 1900 1050 1930 esse

88 1962 211 2011 potuerunt,
236 1963 255 1998 et
269 1968 321 1997 vero
344 1968 399 1997 nunc
419 1961 450 1997 tot
473 1955 546 2009 impios
567 1969 593 1997 ex
613 1957 708 2010 gentibus
732 1957 815 1997 ornnino
841 1968 978 2009 cognoscere.
1015 1957 1049 2014 int,

89 2029 166 2070 cunctis
182 2027 296 2068 horninibus
312 2027 485 2082 praestantiores,
506 2026 563 2080 digni
584 2027 646 2068 habiti
661 2039 702 2067 non
718 2033 766 2069 sunt
781 2027 815 2081 qui
832 2029 1002 2081 cognoscerent?
1025 2030 1050 2072 Et

62 2111 130 2153 atquo
146 2099 206 2140 inodo
222 2098 243 2139 id
258 2098 334 2139 bonurn
351 2102 392 2152 est,
414 2096 470 2150 qnod
485 2110 527 2139 non
544 2102 574 2138 est
586 2097 679 2151 justum?
703 2098 773 2138 nisisi
789 2110 835 2138 eurn
851 2098 928 2139 bonurn
947 2100 1050 2154 appellare

88 2170 191 2220 volueris,
217 2180 258 2209 non
280 2168 314 2220 qui
332 2169 388 2221 juste
410 2173 521 2220 operantes
547 2167 650 2208 beneficiis
672 2166 743 2222 afficit,
769 2167 806 2208 sed
827 2169 861 2221 qui
885 2175 939 2210 arnut
960 2171 1048 2228 iniquos,

88 2241 180 2295 quamvis
195 2251 237 2281 non
253 2238 350 2291 credant,
365 2237 429 2291 adeo,
444 2242 466 2278 ut
483 2237 507 2277 iis
523 2242 544 2277 et
559 2237 678 2279 abscondita
695 2236 786 2292 revelet.
808 2250 861 2291 quae
879 2240 940 2293 justis
959 2240 1048 2284 noluerit

87 2312 189 2353 revolare.
219 2309 271 2350 Narn
286 2308 402 2363 tnrjusnodt
417 2320 451 2349 res
467 2319 506 2348 nec
521 2308 585 2363 bono,
601 2321 640 2349 nec
651 2310 708 2364 justo
725 2308 828 2363 competit,
844 2308 880 2350 sed
890 2310 970 2363 piorum
986 2314 1048 2354 osori.

87 2382 139 2424 Nurn
156 2387 190 2437 tu,
205 2379 287 2434 Sirion,
304 2391 326 2420 es
342 2379 413 2428 Stans,
430 2380 464 2432 qui
480 2379 518 2420 ista
534 2380 563 2420 sic
577 2380 668 2420 nonduin
684 2379 736 2420 dicta
752 2379 846 2432 proferre
862 2380 942 2422 audes?

62 2464 82 2497 30
145 2451 187 2493 XV.
217 2450 242 2491 Et
258 2449 326 2490 Sirnon
341 2462 404 2503 super
419 2462 445 2490 eo
461 2450 577 2503 indignatus
594 2451 631 2491 ait:
650 2455 707 2491 tuuin
722 2448 841 2503 Magistrum
856 2451 995 2509 reprehende,
1013 2454 1047 2495 di-

86 2531 177 2567 centcrn:
200 2523 297 2575 confiteor
312 2521 358 2573 utu,
379 2521 466 2562 Domine
489 2521 542 2561 cccii
562 2527 583 2561 ct
596 2526 674 2577 terroe,
698 2522 747 2575 ηαία
767 2533 820 2574 quoe
838 2528 898 2563 eruut
912 2526 993 2566 occultu
1008 2538 1046 2566 sc-

81 2595 198 2650 pientidus,
220 2592 317 2633 rcuciusti
332 2606 357 2633 eo
370 2594 465 2647 μανοκίίε
488 2593 614 2634 lactentibus.
654 2593 684 2633 Ac
705 2592 788 2634 Petrus:
810 2593 843 2635 Sic
864 2595 955 2652 quidem,
975 2598 1046 2653 inquit,

85 2678 127 2707 non
142 2663 222 2718 prolata
237 2667 284 2703 sunt
300 2674 323 2701 ea
339 2662 408 2705 verba.
439 2662 510 2703 Dicant
525 2668 593 2704 tarnen
609 2664 676 2717 prius,
693 2664 752 2716 quasi
766 2664 793 2703 ita
808 2665 909 2717 prolaturn
926 2668 961 2721 sit,
978 2672 1000 2708 ut
1010 2668 1046 2709 tibi

85 2738 151 2779 visurn
166 2734 209 2775 fuit.
233 2733 339 2780 Dominus
355 2740 436 2790 noster,
456 2735 537 2775 tarnetsi
553 2734 646 2775 dixisset:
669 2746 722 2788 quoe
738 2740 798 2775 eruut
812 2736 892 2777 occuito
912 2738 1044 2794 secedentibus,

62 2816 112 2849 utcu
125 2807 221 2862 pai-aius
235 2803 337 2846 concinnit
351 2804 423 2859 Pater,
439 2817 508 2858 neque
524 2805 554 2845 sic
569 2805 629 2845 aliurn
650 2805 716 2846 Deurn
738 2810 758 2845 ct
778 2805 858 2847 Patrem
878 2813 960 2861 praeter
976 2809 1044 2850 rnnndi

86 2880 206 2933 Creatorem
222 2875 346 2918 credebatur
360 2875 481 2928 significare.
516 2875 605 2918 Possunt
625 2876 677 2917 eninr
692 2876 755 2929 ipsius
771 2875 876 2920 Creatoris
899 2890 975 2921 arcana
991 2892 1044 2935 esse,

118 2992 135 3027 1.
165 2984 199 3040 μὲν
216 2987 283 3026 excidit
299 2984 402 3035 apuleo.
413 2987 473 3023 1698.
484 2987 550 3032 1721)
606 2989 625 3024 3.
655 2981 722 3028 θέλεις
739 2985 760 3024 0.

87 3055 105 3087 er
120 3050 139 3086 s,
379 3049 380 3052 ’
524 3077 526 3080 ι
606 3049 625 3084 4.
657 3044 703 3083 Vcc.
718 3040 765 3090 τοὺς
787 3042 871 3090 ἀδίκους
891 3046 1041 3097 excideruntap.

117 3111 136 3144 2.
166 3102 279 3154 κρείττονος
301 3104 326 3153 C,
354 3098 464 3151 κρείττονες
484 3104 509 3142 id.
533 3103 552 3142 in
577 3105 595 3141 S.
625 3105 669 3140 Tum
685 3099 711 3147 οἱς
726 3116 743 3153 p.
759 3100 789 3151 οἷς
805 3107 854 3153 conj.
869 3106 890 3144 D.

89 3176 147 3212 τινες.
170 3160 288 3217 κρειττόνως
310 3163 334 3211 03
358 3154 415 3200 οὗτοι
435 3158 507 3207 πάντες
527 3160 552 3209 τα
608 3165 625 3201 5.
655 3163 716 3200 ttauh.
740 3166 771 3215 11,
794 3168 827 3205 25.
849 3165 939 3214 oreore,
959 3165 1013 3204 Beitr.
1029 3167 1042 3215 1,
1104 3165 1105 3168 ’

88 3219 191 3277 κρείττονα
207 3223 249 3262 κτλ.
265 3221 362 3273 proposuit
376 3222 396 3259 S.
578 3224 626 3261 313.
642 3222 661 3261 S.
