2276 3612
106 240 135 291 nr,
152 238 246 280 aanor.
565 234 607 280 246

104 372 142 400 ται
158 355 194 400 nni
209 354 291 411 τροπαὶ
306 352 423 408 γίνονται,·
447 352 529 398 αὐτίκα
550 353 606 411 γοῦν
628 351 691 409 diros
711 352 744 398 ταί
760 347 841 410 οεληνη
857 348 907 407 σ’ίμα
923 359 968 400 τοῖς
989 347 1067 404 ὸίλλοις

105 422 212 482 ὸίστροις1
227 419 262 467 did
279 425 302 467 σὲ
318 420 359 471 τὸς
375 419 490 474 όνατσλτίς
504 425 541 470 ταί
557 422 631 474 ὸόσεις
646 425 783 476 ἑατελονοιν,
803 421 839 466 ναί
864 421 965 479 ποταμοί
980 423 1015 468 ταί
1031 422 1065 467 λί-

105 513 163 553 μναι
183 493 232 550 ἅμα
254 502 302 542 ταῖς
325 490 410 543 πόσαις
428 495 526 553 πηγαῖς2
551 494 713 552 ότηρετοόσιν·
748 492 806 538 ὅθεν
828 510 862 538 σοι
883 493 914 550 τῷ
933 486 1067 548 ἀναισθήτῳ

106 563 179 621 ὥσπερ
193 561 207 620 ἦ
222 563 304 620 μείζων
318 561 388 620 eddon
403 564 471 622 τιμή,
487 563 558 616 οὕτως
573 562 747 627 τίγμριστησαντι
762 560 776 619 ό
792 564 875 619 μείζων
891 560 928 608 θεοί
943 562 1013 619 ατρὸς
1029 558 1067 607 αό-

91 637 168 683 tinore
183 634 375 691 προητοίμασται,
389 632 424 679 ότι
440 637 526 693 γνῶναι
543 634 711 693 viridimens
724 633 750 680 όν
765 632 808 691 τιρό
817 629 910 678 τιόντων
921 633 965 678 ἔθει
975 634 1067 690 γνῶναι.

162 703 232 746 XXIV.
263 702 326 749 Καίό
346 707 389 750 νύν
413 706 436 750 (λλ
459 710 482 750 εἰι
502 709 546 753 των
565 703 666 763 ἡττόνων
687 705 797 762 ἐτιίγνωθι
818 701 861 760 τόν
882 704 925 749 τῶν
951 700 1007 748 όλων
1031 705 1067 747 αἰ-

106 774 173 827 τίαν,
196 770 346 831 λογισάμενος
369 772 404 820 ὅτι
426 774 453 822 τὸ
474 774 550 823 τεόντα
567 777 592 823 τό
607 777 666 833 όιλωρ
683 784 755 828 notri,
776 772 801 819 τὸ
817 776 840 819 dt
861 767 920 832 ίίὸωρ
934 769 982 819 α’ττό
998 771 1067 819 nord-

104 862 178 902 iwwc
193 840 299 901 κινήσεως
314 842 356 901 τόν
370 846 459 904 γένεσιν
475 848 603 907 λαμβοίνει,
627 844 651 890 τὸ
673 847 695 892 dd
712 848 805 902 πνεόμα
827 840 873 890 ind
895 846 936 889 τού
952 845 995 889 των
1011 840 1067 888 ὅλων

330 935 380 978 εχει.
409 919 446 963 ταί
462 916 532 967 οὕτως
545 918 590 963 ίλει
606 916 756 971 λογίσασθαι,
775 920 813 961 ἵνα
827 917 863 961 ε’ττί
883 911 939 972 λόγω
959 916 992 964 εἰς
1009 909 1068 959 Θεὸν

83 987 248 1044 λθααταντησαι
263 988 381 1047 ὸανηθης,
395 986 455 1038 ὅπως
468 985 577 1044 ἐτιιγνοός
594 1003 634 1033 σον
649 985 674 1030 τὸ
689 988 755 1044 γένος
764 987 781 1040 4,
803 987 839 1031 καί
856 981 989 1043 πρωτογόνῳ
1012 982 1069 1028 α’να-

107 1059 231 1114 γεννηθείς
246 1056 311 1104 όὸατι
327 1058 382 1105 ταλ5
406 1053 546 1115 κληρονόμος
566 1058 679 1115 ααταστης
699 1056 744 1101 τόν
759 1051 816 1113 πρὸς
832 1054 967 1113 ἀφθαρσίαν
988 1070 1069 1113 γεννη-

109 1127 198 1174 σοίντων
213 1146 237 1173 σε
252 1130 344 1186 γονέων.

164 1198 225 1242 XXV.
256 1197 295 1244 Διὸ
311 1200 406 1257 ἑτοίμως
425 1198 540 1256 πρόσελθε
562 1195 590 1248 τίς
605 1194 653 1247 νὶός
668 1196 750 1252 πατρί,
772 1201 810 1241 ἵνα
832 1197 878 1241 των
898 1193 1070 1252 ἁμαρτημάτων

108 1266 173 1313 οονό
190 1266 248 1320 Θεὸς
262 1267 305 1324 την
321 1269 416 1327 α’ίγνοιαν
432 1269 508 1314 αἰτίαν
524 1270 565 1327 θη
603 1271 623 1313 εἰ
638 1268 661 1313 dd
678 1268 714 1312 καί
729 1263 787 1322 μετα
804 1264 830 1312 τό
853 1268 969 1324 νληθηναι
985 1263 1012 1310 od
1028 1267 1070 1310 θέ-

84 1338 153 1388 deiero
168 1335 182 1395 ἢ
195 1338 328 1396 βραιλιίνεις,
344 1341 417 1398 ιλιααίη
435 1342 494 1387 Θεοῦ
510 1336 585 1400 οἷτιολη
601 1340 679 1398 τρίοει,
694 1338 723 1396 τῷ
738 1335 771 1394 μη
788 1340 884 1395 θεληοαι
903 1336 936 1396 μη
951 1338 1069 1394 θεληθείς.

108 1410 144 1453 ναὶ
160 1407 194 1464 μη
209 1425 244 1451 τοι
259 1409 368 1467 νομίσης,
393 1408 427 1455 ὅτι
442 1408 501 1455 εόίν6
525 1405 618 1454 πόντων
633 1410 677 1454 των
693 1410 748 1452 nort
764 1408 894 1464 γενομένων
916 1404 1016 1465 εὐσεβῶν
1031 1401 1071 1452 εό-

109 1478 238 1535 σεβίστερος
253 1478 320 1538 γένη,
335 1475 477 1536 όβότττιστος
492 1480 515 1524 dd
531 1475 570 1537 ᾖς,
594 1479 682 1528 &inlitos
697 1487 770 1536 τυχεῖν
790 1476 875 1536 ὸννήση
895 1478 957 1522 τιοτί-
998 1472 1070 1537 ταότη

109 1545 153 1603 γαρ
166 1548 255 1604 μᾶλλον
270 1548 365 1593 τιλείονα
381 1545 469 1606 όηίξεις
484 1546 585 1605 κόλασιν,
607 1548 642 1593 ότι
657 1543 713 1593 ταλαί
733 1552 786 1604 ἔργα
807 1542 847 1591 σόα
871 1549 978 1605 ε’τιοίηοας
993 1550 1071 1597 καλός.

110 1612 167 1672 naid
183 1615 226 1676 γὸρ
242 1616 345 1671 ια’ωοιΐα,
360 1615 449 1664 ὸττόταν
464 1617 492 1669 τίς
507 1618 563 1670 Θεὸς
579 1621 675 1665 ἐτέλεσσε
690 1617 789 1675 γίνηται.
826 1614 852 1661 οὐ
868 1618 890 1662 dd
912 1620 932 1662 εἰ
948 1615 975 1662 ον’
990 1619 1071 1671 θέλεις,

88 1757 137 1803 ’τὸτὸ
152 1757 255 1801 fructuum
270 1760 438 1816 productionem,
461 1767 481 1803 et
496 1762 571 1803 imbres
587 1760 719 1815 deferuntur,
741 1766 761 1802 et
782 1760 829 1800 anni
851 1764 983 1814 tempestates
1004 1761 1070 1804 fiunti

111 1829 155 1871 Jarn
170 1842 222 1872 verc
238 1831 269 1872 scl
285 1837 305 1874 et
320 1831 368 1873 luna
384 1844 430 1873 cum
449 1832 491 1875 aliis
512 1831 577 1874 stellis
592 1836 711 1885 propterte
731 1832 825 1872 criuntur
847 1835 868 1872 et
889 1830 994 1887 occidunt,
1016 1831 1072 1874 iluvii

112 1903 132 1941 et
146 1904 220 1955 stagna
236 1914 281 1942 curn
297 1903 391 1945 omnibus
406 1902 496 1946 fontibus
508 1904 543 1945 tibi
552 1902 690 1945 subserviunt.
720 1901 779 1943 Unde
787 1900 822 1942 tihi
833 1911 896 1944 sensu
908 1904 985 1945 carenti
997 1916 1072 1959 quem-

111 1970 221 2012 admodum
237 1973 303 2027 major
318 1973 429 2026 praestitus
445 1978 477 2016 est
496 1973 574 2028 honor,
596 1974 623 2015 ita
636 1973 717 2027 ingrato
738 1973 804 2027 major
826 1978 947 2026 praeparata
968 1979 999 2017 est
1020 1974 1072 2028 ignis

111 2054 189 2098 poena,
205 2042 261 2097 qdod
275 2045 330 2085 seire
345 2044 448 2100 nolueris,
465 2057 525 2098 quem
542 2049 588 2085 ante
605 2046 672 2087 omnia
689 2045 778 2098 oportuit
793 2055 930 2098 cognoscere.

88 2126 108 2160 τε
168 2111 238 2155 XXIV.
269 2113 309 2156 Sed
324 2114 358 2155 vei
373 2126 428 2155 nunc
437 2113 584 2156 exminoribus
593 2127 685 2170 agnosce
696 2120 817 2156 cunctorum
828 2126 916 2169 cansam,
933 2114 1073 2170 considerans,

113 2182 168 2238 quod
184 2185 252 2225 omnia
267 2196 321 2238 aqna
336 2184 437 2239 producit,
453 2196 506 2238 aqna
522 2197 572 2226 rerc
589 2197 600 2226 α
615 2185 686 2237 spiritu
702 2185 773 2239 accipit
788 2190 856 2227 motus
869 2185 975 2240 originem,
991 2185 1072 2238 spiritus

112 2259 180 2296 autern
197 2253 222 2295 ab
238 2255 381 2297 universorum
397 2254 442 2297 Deo
458 2255 535 2296 initium
556 2254 623 2298 habet.
662 2254 729 2309 Atqnc
749 2256 776 2297 ita
796 2260 877 2308 oportet
899 2260 1007 2309 reputare,
1031 2268 1072 2309 quo

112 2337 150 2379 per
164 2325 265 2366 rationem
280 2325 305 2366 ad
319 2324 386 2367 Deum
400 2326 467 2379 possis
483 2326 603 2381 pervenire,
618 2330 639 2367 ui
655 2337 772 2380 agnoscens
787 2330 844 2366 tuum
862 2338 928 2380 genus
944 2331 965 2367 et
979 2339 1073 2381 regene-

112 2401 170 2438 ratus
186 2407 239 2450 aqua
252 2397 381 2451 primigenita
396 2398 456 2439 ctiam
472 2396 545 2440 haeres
562 2396 656 2439 efficiaris
671 2402 778 2450 parentum
795 2397 829 2449 qni
846 2402 867 2438 te
888 2397 912 2437 ad
932 2397 1073 2451 incorruptic-

90 2479 161 2514 3cnern
177 2473 300 2521 genuerunt.

171 2537 232 2579 XXV.
262 2538 347 2593 Propter
363 2540 418 2593 qnod
434 2547 539 2598 prompte,
559 2547 662 2596 tamqnam
676 2541 728 2582 silius
746 2539 771 2580 ad
786 2543 870 2593 patrem,
887 2526 970 2594 accede,
986 2538 1074 2581 utDeus

113 2621 196 2652 causam
212 2615 342 2663 pcccatorum
358 2616 439 2653 tucrum
454 2618 518 2666 ponat
532 2612 674 2666 ignorantiam.
711 2609 771 2659 Quod
786 2610 803 2651 si
818 2616 926 2664 postquam
942 2615 1028 2653 vocatus
1045 2622 1073 2662 es,

114 2692 157 2722 non
173 2680 214 2735 vis,
232 2685 265 2721 aut
281 2682 392 2737 cunctaris,
405 2683 461 2736 Justo
477 2682 516 2724 Dei
527 2682 605 2738 Judicic
620 2682 706 2737 peribis,
728 2686 748 2721 et
765 2681 811 2734 quia
832 2687 853 2723 tn
869 2681 962 2735 noluisti,
982 2680 1039 2721 nolet
1054 2684 1074 2720 te

115 2753 177 2795 Deus¹
208 2750 252 2792 Nec
268 2763 319 2793 vero
332 2759 402 2808 putes,
420 2753 474 2807 quod
491 2754 530 2795 etsi
546 2754 642 2807 omnium,
665 2753 700 2806 qui
716 2764 811 2805 nmquam
826 2752 909 2795 fuerunt
924 2752 957 2806 pii,
972 2750 1074 2804 piissimus

90 2824 153 2877 nasis,
169 2835 211 2865 non
227 2822 292 2866 iucris
308 2829 375 2865 autern
389 2825 513 2880 baptizatus,
535 2837 592 2878 spem
612 2824 695 2877 adipisci
718 2823 825 2878 aliquando
849 2824 933 2877 poteris.
969 2822 1000 2864 Eo
1022 2821 1075 2861 enirn

115 2894 205 2948 maJ'cres
220 2892 278 2935 (tabis
294 2904 382 2950 poenas,
398 2896 452 2949 qdod
467 2895 522 2937 hcna
540 2906 603 2948 opera
619 2906 661 2935 non
676 2894 730 2935 hene
745 2893 825 2938 feceris.
857 2894 964 2935 Praeclara
981 2893 1075 2934 cnirnrcs

147 3005 164 3040 l·
195 2997 278 3053 ἄστροις
294 3013 330 3041 Osss·
347 3000 374 3053 (λζ
639 3003 657 3036 4.
689 2996 769 3052 ἐπιγνῷς
785 3000 862 3053 αόιογ.
879 3001 902 3049 G,
926 2998 1008 3050 ἐπιγνῷς
1030 3011 1076 3038 σαν·

146 3066 164 3100 2.
195 3057 270 3105 πόσαις
291 3074 310 3110 p.
327 3056 403 3104 πόσαις
422 3063 492 3112 πηγαῖς
509 3062 532 3108 C,
555 3060 585 3108 qni
610 3056 645 3098 τοῦ
661 3071 677 3108 γ.
695 3058 715 3094 D.

118 3115 296 3167 οοιιγθαλιίσσαις.
322 3119 511 3158 Lecti00ttchoninni
521 3132 584 3169 qnam·
640 3118 658 3156 5.
688 3112 722 3156 καὶ
737 3131 772 3159 om.
789 3120 810 3157 0.

118 3180 162 3219 libet
177 3180 301 3227 conjecturam
318 3180 379 3220 reddit
394 3181 508 3230 superfluam
640 3179 658 3213 6.
688 3170 725 3214 κᾶν
739 3190 774 3218 scr.
791 3178 928 3219 sehtionannos
939 3177 1074 3227 Clempfzdd¹

148 3240 166 3278 3.
196 3233 240 3278 Κᾶν
256 3239 276 3282 (λ,
611 3237 658 3274 569.
675 3234 694 3273 S.
