2276 3612
525 248 567 296 305
876 252 922 302 mr,
940 253 972 289 ιο.
990 253 1022 289 ιι.

0 361 2 400 3
63 373 106 418 cuir
121 370 169 427 ἐμοὶ
185 365 337 428 ἠγαπημένον
353 367 381 416 τοί
397 369 492 426 μέγιστα
508 366 536 418 τίς
552 369 601 424 περί
617 365 737 413 θανόντων
752 367 840 424 κρίνας,
857 360 913 421 τρίς
928 359 971 420 τήν
981 365 1023 409 τού

0 435 1 457 ³
64 443 116 501 βίον
131 434 217 496 τρυφήν
232 438 314 485 ἑαυτήν
331 430 473 485 οίποδιιλήναι.

2 556 4 558 ,
119 509 153 553 ΧΙ.
185 509 229 553 Καί
246 506 257 554 ὁ
275 511 359 566 Πέτρος
375 515 429 566 ἔφη·
445 509 518 551 ταιίτο
533 510 577 563 μὲν
592 508 699 564 ἑποίήοας
714 505 741 556 νίς
757 507 890 566 ἐβουλεύσω.
928 506 979 562 περὶ
999 505 1022 549 m

63 581 166 641 γενέσεως
181 577 224 635 ν’ίρα
240 576 382 635 ψευδόμενος
397 577 543 638 διισχυρίζου,
565 574 624 635 ήαίς
646 575 767 635 οίλήθειίων
781 576 932 635 ε’ῥέβαίουςῙ,Ι
954 577 990 631 ναί
1011 570 1022 619 ὁ

0 657 5 710 ,ι’
65 647 138 708 πατήρ
154 654 206 706 ἔφη·
224 646 250 694 ου’
266 649 380 706 ψεύσομαι
398 644 453 706 πρὸς
469 648 506 700 cc',
532 643 623 704 οίλήθως
643 643 673 698 οἷς
689 646 757 703 odam
769 649 872 703 γενέσεως
887 648 1036 707 ἐβεβαίουνώ

64 721 110 777 εἰμί
125 719 167 777 γοίρ
184 716 224 764 oric
240 716 343 776 α’μιίήτος
358 721 399 764 του
415 714 574 774 θεωρήματος·
591 713 652 771 πλήν
675 713 731 761 ttici
758 716 809 762 ναί2
833 719 902 775 συνήν
918 718 959 774 μοί
979 735 1021 770 τις,

64 786 202 845 οίοτρολόγων
217 785 318 845 α’ίριοτος,
337 785 395 846 οίνήρ
411 785 551 844 Αἰγύπτιος,
566 782 711 842 Ἀντουβίων
728 782 836 839 ὀνόματι,
856 784 915 836 ὄςτις
933 791 957 832 ἒν
975 797 1022 837 ταῖς

64 858 203 915 οίποιλήμιάις
221 853 269 902 κατ’
285 855 354 919 οίργοίς
375 876 415 915 μοι
436 855 569 913 ιριλιωθείςὸ
589 853 630 900 τὸν
646 856 685 910 τής
707 857 761 911 ἐμής
781 856 880 912 ουμβίου
898 852 955 911 μετιί
978 858 1021 902 τῶν

1 923 4 953 ³
64 929 144 972 τέκνοιν
160 925 266 971 θάνατον
282 928 367 983 ἐιλήλον.
402 930 439 973 ταί
456 924 467 971 ὁ
485 927 570 982 Πέτρος
586 929 637 981 ἔφη·
661 923 746 970 οοάοὑν
762 922 818 982 ἔργα
834 927 938 970 πέπειροι
954 926 1022 973 citat,

63 996 96 1043 ὅτι
112 992 139 1040 ου’
154 996 272 1052 auctaeque
288 995 315 1041 cci
331 988 386 1041 αατοί
403 993 445 1053 τήν
460 996 559 1052 γὲνεοιν;
578 997 613 1039 cci
636 991 739 1050 ὄπατήρ
762 991 910 1051 οίπεαρίνατα
935 990 1046 1053 οίνοίγιιήλυ

63 1084 91 1124 με
106 1064 182 1109 ccccc
198 1060 226 1110 τοί
240 1063 394 1126 ὑποτρέχοντοί
409 1064 474 1121 μου5
497 1069 529 1116 εἰς
544 1061 584 1110 τὸν
599 1066 658 1109 νουν
678 1064 814 1109 sucta-acaci
834 1070 943 1118 οοι,ιῖυα
968 1063 1023 1121 πρὸς

5 1161 6 1166 =
63 1129 119 1181 αὐτοί
136 1129 223 1180 οίαοιίωυ
239 1135 369 1191 μανθάνειν
385 1133 425 1194 ἔχω
441 1134 496 1185 τούς
513 1152 553 1179 coc
568 1133 655 1180 τούτων
671 1135 780 1193 ἐλέγχους.
811 1129 867 1180 οίλλοί
885 1130 1023 1180 ναλθπολλοί
1063 1141 1064 1144 ’

4 1197 6 1237 Ῐ
63 1205 153 1250 πταίειν
168 1204 216 1248 otta
232 1200 286 1254 τοιίς
302 1202 461 1263 οίοτρολὸγους,
484 1204 557 1250 πολλοὶ
581 1204 604 1248 dd
620 1206 655 1249 ναί
672 1201 800 1260 οίλιγθειλειν.
835 1201 960 1250 ὑποπτεύω
979 1200 1022 1251 otiu

5 1334 6 1337 Ἴ
63 1268 142 1330 μήπως
157 1270 171 1317 d
186 1276 230 1331 μὲν
247 1272 392 1333 οίιριβοὺαιν,
408 1271 573 1331 ἀληθεύουσιν,
589 1271 604 1317 d
619 1274 642 1318 dt·
658 1275 791 1325 πταίουσιν,
815 1271 908 1333 α’μαθίρι
924 1273 1022 1336 ποίογου·

4 1353 6 1375 ³
63 1360 108 1393 οιν,
122 1338 150 1392 οἷς
164 1338 273 1388 ὖπονοοῐν
288 1341 370 1398 mmcd
386 1346 430 1399 μὲν
445 1339 548 1398 μοίθήιια
564 1338 711 1396 ουνεοτοίναι,
731 1341 817 1393 αὐτούς
832 1344 855 1389 db
871 1344 897 1387 δι’
914 1343 1045 1401 donationib

63 1413 186 1465 mrddcodct
201 1410 301 1469 μὸνήν7,
317 1409 352 1458 tad
368 1408 393 1457 cd
409 1409 443 1469 μή
458 1411 563 1462 ποίντας3
586 1412 636 1468 περὶ
657 1410 750 1458 πάντων
767 1408 878 1471 οἷαριβονν
900 1412 1021 1460 δυ’ναοθαι.

64 1556 105 1596 toto
122 1553 189 1595 animo
206 1557 266 1594 antea
280 1552 459 1594 renuntiaveram.
490 1551 528 1600 Qui
545 1551 597 1593 enim
613 1564 646 1593 me
662 1552 688 1593 ob
710 1557 797 1594 mortem
813 1564 907 1595 carorum
924 1554 1021 1597 creditam

64 1624 87 1667 ad
101 1623 186 1664 maxima
200 1622 355 1673 damnaveram,
371 1635 412 1664 non
427 1628 520 1677 poteram
536 1624 590 1665 vitae
606 1623 683 1665 deliciis
697 1623 811 1677 indulgere.

6 1685 8 1692 ¹
106 1692 151 1738 ,XL
182 1692 206 1733 m
221 1692 293 1733 Petrus
309 1692 368 1733 dixit:
389 1692 445 1733 Haec
458 1693 540 1746 quidem
556 1693 621 1735 fecisti
642 1694 813 1747 quemadmodum
830 1693 910 1747 placuit.
941 1694 981 1737 Sed
994 1695 1019 1736 de

8 1759 9 1762 ¹
63 1762 158 1806 Genituru
174 1767 302 1804 mentiensne
318 1762 443 1818 affirmabas,
459 1775 484 1803 an
500 1756 562 1805 veluti
577 1776 649 1804 verum
665 1763 734 1805 dicens
754 1763 879 1805 asserebas?
909 1764 1047 1818 Respondittu

4 1831 9 1890 J
62 1840 129 1888 pater:
144 1833 190 1875 Non
206 1834 292 1876 mentiar
307 1834 361 1888 apud
376 1839 404 1875 te.
434 1833 545 1887 Tamquam
559 1845 611 1875 rere
627 1835 653 1876 sit
667 1833 763 1888 Genesis,
784 1832 937 1876 confirmabam.
974 1835 1020 1876 Non

6 1931 9 1934 s
64 1906 115 1946 enim
130 1904 186 1946 rudis
202 1916 247 1945 sum
262 1904 281 1943 in
298 1904 399 1958 mysteriis
414 1903 474 1959 hujus
491 1903 619 1957 disciplinae:
635 1904 671 1945 sed
688 1909 706 1945 et
723 1916 802 1946 mecum
814 1909 909 1948 versatus
927 1910 959 1947 cst
971 1906 1019 1959 qui-

64 1976 107 2017 dam
123 1974 243 2029 Aegyptius,
259 1975 411 2028 astrologorum
427 1974 620 2028 praestantissimus,
636 1975 718 2015 nomine
734 1973 855 2030 Annubion,
871 1975 906 2028 qui
920 1976 941 2016 in
956 1988 1018 2029 pere-

7 2071 8 2074 =
64 2046 221 2100 grinationibuS,
237 2045 261 2085 ab
278 2045 333 2086 initio
350 2045 397 2085 mihi
413 2044 491 2086 amicus
509 2043 600 2098 effectus,
618 2045 689 2086 uxoris
700 2057 758 2085 meae
770 2056 793 2085 ac
808 2044 919 2087 liberorum
935 2050 1020 2087 mortem

8 2160 10 2162 Γ
64 2116 162 2158 indicavit.
193 2114 246 2156 Dixit
261 2114 342 2155 Petrus:
364 2114 465 2168 Numquid
479 2115 521 2168 jam
537 2126 560 2154 re
576 2114 619 2167 ipsa
635 2126 757 2167 persuasum
772 2115 849 2170 habes,
872 2114 960 2158 Genesin
979 2125 1046 2157 nonan

9 2179 10 2182 ¹
63 2186 191 2230 consistere?
221 2186 280 2227 Pater
295 2185 411 2238 respondit:
426 2197 514 2228 necesse
531 2190 561 2228 est
577 2190 599 2226 ut
615 2185 691 2241 omnia,
714 2197 768 2239 quae
783 2190 872 2227 mentem
887 2198 953 2228 meam
968 2186 1020 2229 sub-

6 2273 10 2284 2
64 2262 120 2314 eunt,
135 2258 171 2300 tibi
187 2269 297 2311 exponam,
313 2268 353 2311 quo
370 2254 395 2296 ad
411 2268 435 2296 ea
452 2255 538 2297 audiens
553 2256 631 2309 possim
644 2255 724 2298 discere
736 2261 782 2297 tuas
794 2267 867 2297 eorum
878 2257 1020 2300 refutationes.

63 2328 101 2371 Sed
117 2329 170 2371 enim
187 2327 320 2370 animadverti
336 2339 407 2368 errare
421 2328 442 2367 in
458 2327 525 2368 multis
541 2326 671 2381 astrologos,
690 2327 710 2366 in
732 2326 800 2368 multis
817 2328 877 2369 etiam
892 2341 943 2369 vere
958 2329 1020 2384 loqui.

9 2407 11 2410 ’
63 2397 159 2453 Suspicor
173 2400 235 2453 igitur
251 2409 287 2440 eos
302 2397 357 2439 forte
373 2398 394 2438 in
410 2397 440 2452 iis,
456 2409 509 2451 quae
526 2398 632 2452 explorata
647 2396 729 2453 babent,
746 2400 797 2439 vere
812 2398 888 2454 dicere,
904 2399 924 2440 in
940 2400 964 2442 iis
981 2412 1020 2441 au-

10 2499 11 2502 .
64 2472 108 2524 tem,
124 2470 144 2510 in
161 2470 232 2523 quibus
249 2473 328 2522 errant,
344 2467 364 2508 id
380 2468 496 2521 ignorantia
511 2470 559 2523 pati,
576 2479 640 2521 quare
655 2467 751 2521 conjecto
769 2472 866 2510 constare
883 2470 964 2523 quidem
976 2469 1045 2520 dis-30

0 2577 1 2586 ,
63 2539 163 2594 cipiinam,
178 2539 223 2580 illos
239 2542 306 2579 autem
322 2549 359 2591 per
375 2537 439 2580 solam
455 2537 555 2579 inscitiam
569 2536 619 2579 falsu
634 2536 766 2591 praedicare,
783 2550 808 2579 eo
825 2538 881 2592 quod
897 2551 1020 2582 nonomnes

63 2610 139 2660 possint
155 2609 180 2650 de
197 2609 289 2650 omnibus
305 2607 383 2649 babere
400 2607 511 2649 scientiam.
549 2607 574 2649 Et
589 2607 661 2650 Petrus
676 2607 735 2648 dixit:
759 2619 811 2650 cave
832 2621 858 2650 ne
882 2621 927 2651 curn
948 2622 1019 2651 verum

94 2767 110 2803 t.
140 2762 231 2818 ἐβεβαιοῦ
247 2765 267 2802 G.
297 2764 331 2802 Vb.
348 2760 386 2815 ἔφη
402 2764 451 2802 ino
472 2762 527 2811 poni·
552 2758 605 2801 ἀλλὰ
622 2756 655 2800 ταί
671 2763 704 2809 (S)
721 2763 759 2799 des.
776 2762 794 2799 in
810 2762 831 2800 0.
862 2759 1018 2807 ιοῐςιλὲτοιίτον

64 2825 90 2858 tur
105 2829 148 2871 post
161 2819 269 2874 ψεύσομαι.
553 2819 631 2872 ἐλέγχον
652 2821 666 2857 C
688 2820 706 2856 in
726 2824 788 2867 textu,
810 2820 828 2858 in
851 2834 908 2870 marg.
929 2818 975 2865 τοιίς
990 2843 1018 2850 —-

92 2885 110 2918 2.
141 2877 280 2934 θεωρήματος·
297 2875 527 2932 πλ,ήνο,ιλιωρήματος,
553 2875 648 2930 ἐλέγχους.
678 2878 855 2926 Epitomeexhihet:
873 2874 904 2919 ίνα
917 2876 1017 2932 παρὰοοῦ

10 2939 12 2941 “
64 2934 112 2988 πλήν
128 2942 147 2979 S.
552 2932 612 2976 ndito
627 2931 706 2987 ntiqui}
721 2934 783 2986 μοίθω
801 2934 833 2977 καί
848 2936 929 2992 βέβαια·
950 2933 1018 2976 πολλὰ

94 2999 112 3035 3.
142 2992 241 3047 ψιλωθεὶς
256 2996 276 3035 G.
552 2990 690 3034 arctaretur
711 2996 753 3034 κτλ.
791 2997 842 3035 Unde
862 2996 952 3038 Davisius:
971 3011 1018 3047 μαν-

92 3058 111 3092 4.
140 3055 174 3093 νῦν
189 3055 257 3093 inserui
272 3066 288 3091 c.
302 3053 323 3093 0,
358 3053 439 3092 Subinde
462 3050 485 3092 οὐ
506 3064 529 3091 cx
552 3048 621 3091 θαίνειν
637 3048 674 3103 ἔχω
692 3056 732 3098 τοῖς
748 3050 771 3104 δή
787 3067 822 3093 σου
837 3052 921 3105 ἐλέγχοις
933 3050 1019 3107 νίιλήίλή.

64 3112 105 3149 cod.
120 3119 138 3151 ct
152 3113 241 3162 Epitome.
272 3108 306 3163 τήν
321 3116 362 3148 ante
377 3109 527 3161 γένωμαιτί),
553 3105 586 3150 καί
601 3109 683 3150 πολλῶν
699 3109 776 3151 πταίειν
791 3111 832 3150 aci.

94 3172 111 3208 5.
142 3185 175 3221 μοι
191 3171 273 3210 nonnulli
288 3170 334 3219 Epit.
351 3170 409 3209 codd.
582 3171 600 3207 t.
630 3164 690 3221 μα’νήν
707 3169 779 3208 omO.

93 3232 110 3265 6.
140 3230 187 3267 Vbb.
209 3226 255 3274 τοίς
278 3241 313 3268 σον
336 3222 411 3266 τούτων
431 3223 528 3279 ἐλέγχους.
582 3228 600 3265 8.
630 3224 711 3272 πάντως
727 3228 748 3265 0.

784 3299 812 3342 20
