2276 3612
540 254 582 299 223
916 255 937 306 x,
955 257 987 295 rr.
1005 256 1037 293 ιε.

135 370 194 416 XVII.
228 371 308 417 Ταῦτα
329 372 370 417 τοῦ
389 368 479 426 Πέτρον
503 367 608 422 εἰπόντος
631 373 735 430 ἐγέλασεν
757 367 769 415 o‘
796 366 943 427 παρεστηκώς
966 366 1038 428 ὄχλος.

78 445 113 491 καὶ
130 442 141 488 ὁ
158 442 244 500 Πέτρος
258 446 301 501 ἔφη
317 438 372 499 πρὸς
387 435 427 485 τόν
442 439 538 495 γέλωτα·
555 443 634 497 γελατε
648 441 714 498 ripario
729 437 757 486 ταί
773 441 877 493 ἐκείνων,
898 433 939 483 οὐκ
955 437 1039 488 εἵιλότες

79 515 152 570 πολλῷ
167 514 257 569 μαλλον
272 508 312 558 ὑπ’
324 512 413 556 ἐκείνων
421 503 553 567 γελώμενοι.
585 507 645 568 πλήν
654 508 680 556 τοί
688 507 789 569 ἀλλήλων
801 511 889 568 γελᾶτε,
905 502 934 553 τοί
941 504 985 565 γιίρ
993 508 1038 552 ίιλια

78 580 123 631 dud
140 583 268 640 συνηθείας
276 583 345 636 αακής
355 583 386 629 εἰς
395 575 489 637 οἷποίτην
497 576 609 638 οἰηθέντες
620 578 646 624 ou'
655 581 758 638 βλέπετε.
788 580 822 625 ὅτι
833 581 856 626 dd
867 578 938 629 ὄντας
948 573 1039 636 ὀρθῶς1

79 654 215 711 καταγελᾶτε
230 654 275 698 τῶν
290 650 436 710 Αἰγνπτὶιον,
452 646 562 708 σύμφημι
568 684 574 703 ,
588 651 635 695 ἐπεὶ
651 648 720 706 α’λογα
737 651 780 706 Caio
797 653 880 709 λογικοὶ
896 649 961 700 ὄντες
981 663 1053 706 προ-ο

79 725 215 778 coccedunt,
230 720 258 769 cci
275 720 366 770 πάντας
380 718 522 777 θνήσκοντα,
560 722 607 770 πῶς
629 721 652 765 dt
665 718 761 766 adnatant
782 718 848 777 cipido
870 720 1038 778 καταγελῶντες

77 796 193 853 λε’γονσιν,
208 793 333 840 οἷκοήσατε·
348 787 411 849 ἡμεῖς
419 825 427 845 ,
443 790 538 848 pectet,
554 794 574 836 εἰ
589 792 624 837 καί
635 788 765 848 θνήσκοντα
779 794 963 849 προσκννοῦμεν,
979 788 1038 837 attint

77 864 117 924 ye³
132 860 176 910 udo
193 860 292 922 ζήσαντοὶ
308 880 377 915 ποτε,
397 860 462 916 ὑμεῖς
484 860 507 906 dd
530 858 557 906 τοί
580 861 695 919 μηδέποτε
717 856 815 918 ζήσαντα
836 862 938 919 σέβεσθε.
979 859 1037 918 πρὸς

77 933 166 984 τούτοις
182 934 262 991 φασίν·
279 933 321 979 τού
336 932 386 983 ἑνὸς
402 931 462 978 Θεοῦ
478 932 552 987 τιμοῖν
570 933 680 984 θέλοντες
695 926 737 988 τήν
751 927 843 989 μορφήν
858 932 894 977 καί
908 927 942 989 μή
958 931 1037 989 εὑρόν-

77 1024 112 1057 τες
126 1005 182 1051 ποία
197 1005 272 1058 ἐστίν,
287 1004 366 1050 πᾶσαν
380 1002 471 1062 μορφήν
486 1019 603 1062 προτιμαν
618 998 741 1060 εἱλόμεθα·
756 1002 792 1047 καί
805 1000 865 1059 ὅμως
876 1001 971 1048 ποικιλταί
983 1015 1062 1050 tracto

77 1077 179 1135 λέγοντες
194 1070 316 1134 ὀρθότερον
331 1073 356 1131 rip
355 1076 396 1119 crdo
411 1076 499 1119 οὶόνται
516 1082 615 1130 φρονεῖν

134 1148 202 1191 XVIII.
231 1143 272 1191 Λιὸ
287 1143 401 1202 καικλμεῖς
416 1141 588 1227 α’ποκρίγεσθε1
608 1138 664 1201 πρὸς
680 1138 776 1192 αὐτους
797 1140 923 1198 ψεύδεσθε,
948 1138 974 1188 ον’
993 1159 1036 1200 γαρ

77 1236 132 1277 τιμη
147 1220 176 1278 τη
191 1216 249 1275 πρὸς
265 1215 306 1262 τόν
320 1212 390 1264 ὄντας
403 1211 462 1260 Θεὸν
478 1211 537 1260 oded
555 1215 660 1272 σέβεσθε,
675 1214 755 1258 redono
769 1208 812 1270 γοίρ
825 1207 955 1269 α’ἶνμσρηήν
965 1229 1036 1268 προς-

77 1298 173 1335 εκννεῖτε
188 1293 210 1334 οἱ
232 1286 332 1340 παντες,
352 1281 392 1345 οὐχ
408 1281 437 1337 οἷς
452 1289 558 1330 ἐποιεῖτε·
580 1289 660 1343 οἱμὲν
675 1282 718 1343 γοίρ
733 1279 799 1341 τίμιον
815 1281 955 1341 κρόμμοον5
979 1280 1037 1328 dero-

77 1354 202 1416 νοήσαντες
217 1359 275 1404 εἶναι
291 1354 317 1402 τὸ
333 1363 397 1402 θεῖον
418 1356 454 1400 καὶ
475 1353 571 1414 γαστρὸς
592 1354 713 1413 πνεύματα
737 1355 843 1411 σέβοντες
863 1353 1062 1411 πολεμοήσινθἻο

76 1428 112 1473 καὶ
129 1425 201 1479 οὕτως
216 1424 300 1485 ὁμοίως
315 1430 336 1472 οἱ
352 1423 438 1477 πάντες
452 1431 478 1471 ἔν
493 1442 514 1469 τι
530 1423 716 1482 προτιμήσαντες
731 1422 760 1468 τοί
775 1421 849 1470 ἄλλων
864 1426 951 1482 ψέγετε.
987 1424 1038 1469 ιλια-

77 1496 135 1558 ῳὸρηι
150 1498 174 1544 dd
188 1493 269 1558 γνώμη
284 1498 327 1544 τοὺ
342 1492 416 1542 αὐτοῦ
430 1494 486 1550 §doc
500 1496 575 1553 μελῶν
591 1493 615 1545 ὃς
630 1497 675 1551 μὲν
690 1494 745 1542 α’ίλλο
762 1495 837 1552 σέβει,
861 1501 936 1552 ἕτερος
958 1495 980 1541 dt
996 1495 1037 1540 cd⁷

133 1638 193 1682 XVII.
222 1638 279 1682 Haec
295 1638 376 1681 dicente
391 1639 451 1681 Petro
466 1638 511 1681 rIsit
533 1650 587 1693 quae
607 1637 701 1680 adstabat
722 1636 836 1680 multitudo.
872 1637 898 1679 Et
918 1637 991 1680 Petrus
1011 1637 1036 1679 ad

76 1712 138 1755 risum
154 1710 211 1753 dixit:
224 1710 294 1754 ridetis
310 1709 391 1752 illorum
407 1709 535 1765 sementum,
551 1708 680 1763 nescientes,
699 1702 762 1751 multo
778 1708 844 1763 magis
858 1720 897 1750 vos
913 1709 937 1750 ab
953 1709 991 1751 illis
1004 1708 1035 1750 ir-

76 1782 144 1825 rideri,
180 1781 276 1823 Attamen
297 1781 330 1822 alii
350 1780 436 1822 aliorum
456 1792 492 1823 res
511 1779 619 1835 deridetis,
639 1792 686 1821 nam
706 1781 810 1836 proprias,
833 1792 872 1834 per
892 1780 966 1821 maiam
982 1792 1063 1825 con-ao

77 1853 206 1898 suetudinem
220 1853 242 1895 in
257 1852 349 1895 fraudem
364 1851 451 1907 inducti,
467 1863 510 1893 non
525 1851 615 1893 cernitis.
650 1851 709 1900 Quod
728 1862 779 1893 vero
799 1855 857 1892 recte
872 1848 989 1904 Aegyptios
1004 1851 1036 1893 ir-

77 1925 159 1968 rideatis
175 1925 253 1968 fateor:
274 1923 439 1979 quandoquidem
460 1922 553 1965 anImaIia
572 1923 654 1965 ratione
674 1923 765 1966 carentia
787 1922 826 1976 ipsi
846 1921 927 1963 ratione
949 1921 1036 1976 praediti

77 1996 163 2039 adorant
169 2029 174 2053 ,
189 2008 256 2051 eaque
271 1995 354 2038 omniuo
370 1994 469 2037 mortalia.
501 1994 546 2042 Quo
562 1994 625 2036 modo
642 1998 709 2036 autem
731 1999 751 2036 et
770 1993 797 2035 iili
817 2005 856 2036 vos
872 1992 985 2034 deridendo
1001 1993 1035 2034 Io-

77 2072 175 2124 quantur,
192 2067 266 2110 audite
296 2065 339 2109 Nos
344 2066 463 2122 ,inquiunt
484 2064 522 2108 etsi
537 2065 631 2107 mortaIIa
647 2063 786 2121 adoremust
788 2076 847 2106 amen
863 2063 1035 2118 quacaliquando

75 2139 180 2182 vixerunt:
196 2143 268 2181 atros
284 2149 336 2193 qliae
351 2149 462 2193 numquam
477 2136 573 2178 vixerunt
596 2136 668 2179 coiitIs.
708 2134 740 2177 Ad
755 2135 840 2177 Iraeca
829 2135 896 2191 aJunt
917 2134 978 2176 utrius
998 2133 1062 2175 Deiat

75 2209 178 2253 honorare
193 2209 289 2252 volentes
303 2208 400 2271 formam,
416 2219 455 2249 nec
470 2207 599 2250 Invenientes
616 2206 682 2261 qualis
696 2219 721 2249 ea
736 2206 770 2263 sit,
791 2218 873 2248 omnem
889 2205 976 2248 formam
997 2217 1036 2247 co-

75 2281 156 2325 lendam
171 2282 295 2326 censuimus.
331 2281 394 2324 Porro
413 2279 532 2336 hujusmodi
551 2278 652 2334 quaedam
673 2278 736 2320 locuti
755 2276 833 2320 rectius
849 2276 908 2320 vobis
927 2289 950 2320 se
965 2280 1036 2330 putant

77 2353 159 2396 sentire.

132 2422 200 2466 XVIII.
231 2422 360 2477 Quapropter
376 2425 395 2463 et
410 2431 448 2463 vos
463 2419 487 2461 iis
502 2417 639 2473 respondete:
654 2417 727 2461 falsum
743 2417 818 2473 dicitis,
834 2430 876 2459 non
892 2417 946 2459 enim
960 2417 981 2459 In
994 2418 1035 2461 ho-

75 2505 146 2537 norem
161 2494 206 2537 peri
219 2493 258 2535 Dei
273 2493 338 2536 colitis
353 2492 395 2548 ilia,
419 2490 466 2545 qnia
482 2502 553 2533 omnes
570 2501 650 2531 omnem
667 2488 780 2530 adoraretis
796 2487 884 2530 formam
907 2494 927 2530 et
950 2501 993 2531 non
1014 2494 1062 2533 uiuo

75 2563 146 2609 facitis.
176 2564 228 2606 Nam
243 2563 278 2618 qui
293 2568 384 2606 vestrum
400 2573 470 2615 cepam
489 2572 536 2602 esse
552 2572 629 2601 numen
645 2559 769 2614 existimant,
786 2564 805 2601 et
822 2560 856 2614 qui
872 2559 943 2602 colunt
957 2560 1034 2602 ventris

76 2636 176 2691 crepitus,
190 2635 244 2676 inter
260 2646 283 2677 se
298 2634 351 2675 heila
368 2638 451 2688 gerunt,
468 2631 568 2686 similique
583 2629 644 2672 modo
660 2630 738 2685 cuncti,
756 2642 820 2671 unum
836 2630 885 2685 quid
904 2630 985 2671 maximi
1000 2629 1034 2671 ia-

76 2707 164 2762 cientes,
179 2711 297 2749 cctercrum
312 2705 386 2746 cultum
401 2702 526 2758 improbatis.
564 2699 661 2743 Variante
677 2712 762 2756 quoque
777 2703 879 2745 sententia
897 2714 924 2743 ox
939 2700 1034 2743 membris

76 2777 167 2833 ejusdcm
183 2776 274 2819 animalis
289 2788 342 2819 nnus
355 2789 416 2819 unum
429 2779 554 2830 veneratur,
570 2773 620 2815 alius
636 2772 695 2816 aiitid.
734 2772 775 2816 Sed
795 2779 814 2816 et
829 2774 884 2816 inter
902 2773 948 2815 illos
967 2771 1033 2825 aliqui,

75 2908 187 2960 sariiResp.
203 2910 226 2947 ad
241 2908 332 2956 Int··.enog
348 2910 385 2946 to:
401 2903 447 2960 παρ’
462 2902 542 2958 Ἕλλησι
596 2907 615 2943 d
644 2903 708 2953 lt,aS
724 2900 865 2959 αποκρίνασθε
881 2904 931 2942 110

76 2967 147 3019 κρῆναι
162 2983 196 3008 κοιι
212 2963 306 3036 ηρόμμοκ
328 2962 361 3005 καὶ
376 2963 463 3022 γαστρὸς
484 2962 541 3006 recad-
596 2966 614 3002 5
644 2933 769 3015 κρίμιίονθ.
804 2966 847 3002 Tum
870 2977 903 3002 και
923 2957 942 3002 οἱ
962 2971 980 3010 p.
999 2975 1033 3002 acu

75 3039 130 3093 ματα
146 3023 255 3078 μεμηνότες
275 3019 419 3073 ἕκθεεσίζσνται,
442 3027 462 3065 G.
497 3027 540 3064 Tum
564 3022 603 3071 tegi
617 3022 689 3060 tuItS.

75 3080 189 3136 ε’χθροῑςρ.
205 3082 331 3157 αισγρσῑςθ
597 3084 615 3119 6
646 3079 763 3121 ποιοῦσιῡ.
794 3075 861 3119 Tum
852 3092 941 3132 νμωνρ
958 3074 1034 3133 ὁμοίως

105 3146 123 3182 1.
155 3139 250 3196 ὀρθῶς”
240 3157 303 3188 ccccc
319 3143 340 3181 O.
568 3140 616 3187 conj
633 3140 652 3178 S

104 3207 124 3242 2.
139 3203 164 3241 lta
181 3204 204 3252 S,
221 3198 280 3255 φησὶν
296 3202 309 3240 G
325 3202 346 3240 0.
596 3201 615 3237 7.
645 3194 671 3238 τὸ
685 3202 742 3240 textui
757 3197 828 3237 reddidi
839 3198 1033 3246 postquamomissnm

104 3263 123 3298 3.
154 3257 198 3301 ἀλλ’
217 3255 252 3302 οὖν
268 3261 289 3299 θ.
566 3262 606 3297 erat
620 3270 630 3297 a
645 3260 665 3299 S.
694 3262 743 3299 ldem
758 3256 846 3308 proponit
860 3253 913 3303 τινὲς
927 3270 946 3308 ρ,
963 3255 998 3298 ἔτι.
