2276 3612
84 212 122 261 xx
141 215 173 252 ra.
192 216 224 253 ιο.
544 219 601 262 412,

76 342 118 369 οιν
133 322 189 382 ἡμῖν
205 329 354 408 ἐπηγγείλατο
376 327 446 373 εἰπών
463 329 519 387 πρός
540 331 623 379 αὐτόν·
645 332 756 392 ηἰιουοας,
778 328 794 378 6
817 335 919 390 Φαῦστε,
944 332 971 380 66
994 333 1047 381 καθ’

79 390 147 482 ηιχίας
179 394 235 442 ὅταν
252 400 291 441 ουν
307 394 363 452 η’μῖν
377 395 515 481 χρχοιγιοςη
508 407 678 485 76666666666'667
695 422 728 450 666
744 402 832 456 πλόυος
854 402 932 462 μορηη
953 407 1047 463 γένηται

79 466 114 510 καὶ
130 462 277 525 ὑπουργήσῃς
292 463 360 523 ἡμῖν,
376 465 462 524 66666
480 473 615 529 υελειίομεν,
631 472 683 520 τότε
698 472 757 544 ια’γοί
775 493 808 521 οοι
824 473 1046 533 τηνιίληθινηνοου

78 554 170 620 μορφην
187 536 294 582 66666666
311 537 423 620 πρότερον
439 541 562 623 ποιήσαντι
579 544 606 588 τοί
623 543 676 602 παρ’
693 547 749 602 ἔμοιγ’
767 563 800 590 οοι
816 542 935 603 λεγόμενα
965 548 1006 590 666
1022 547 1046 592 δὲ

53 606 166 664 ὂπατρός
181 604 300 657 εἰπόντος
318 611 366 653 6666
382 607 425 661 666
441 610 469 656 όν
486 631 526 668 μοι
542 610 671 660 6666666
656 635 670 674 η
687 611 871 673 προθυμότατον
885 613 984 673 ποιήσω,
1001 617 1046 670 μό-

78 695 120 720 νον
136 675 177 734 666
198 675 256 734 ε’μην
279 688 324 728 τοῖς
346 683 407 735 ἐμοῖς
426 676 510 732 οίπόιίος
530 684 635 742 μορφήν,
659 684 671 729 6
694 686 782 742 Πέτρος
804 683 952 742 οἷπεαρίνατο·
977 682 1046 737 αὐτὸς

78 748 142 796 ἰιλίοις
156 744 211 793 αίοίν
227 745 326 804 ιίιιηιιοας
341 753 386 794 τών
403 748 506 808 προόδων
521 771 567 810 μου
580 751 626 799 οἷπό
641 755 784 815 Ἀντιοχείας
799 752 943 812 ἐληλυθότων
961 758 997 801 ταὶ
1012 760 1043 801 εἰ·

77 817 178 871 πόντων,
194 816 222 868 τίς
236 822 280 862 ε’·ιεῑ
294 817 391 875 γεγοναίς
407 820 418 866 6
435 822 513 878 Σίμων
529 824 624 884 ἰοχυριῦς
639 823 693 875 τοιίς
720 823 798 884 ὄχλους
820 821 867 868 κατ’
891 827 948 881 ἐμοῦ
964 823 1042 884 παροί-

77 892 140 942 ζυνε,
156 887 233 946 μοίγον
249 891 284 935 ιιαὶ
300 889 439 947 μιαιφόνον,
455 893 544 938 πλιίνον
556 912 584 953 τε
600 897 635 941 καί
651 894 721 953 γόητα
738 892 860 940 οἷποιαλοίν
876 897 912 941 ἐπί
922 900 1042 952 τοοουτον,

51 953 103 1007 1οοίς
118 960 237 1020 γλίχεσθαι
254 960 345 1009 πάντας
361 958 415 1011 τοιίς
430 967 472 1007 ἐηεῑ
487 966 532 1008 666
551 965 611 1021 ε’μῶν
627 962 798 1021 οἷπογειίοαοθαι
816 969 908 1023 οαρυών.
939 967 1042 1026 ποιήσεις

76 1026 130 1080 666,
145 1028 173 1081 τίς
190 1028 230 1089 ἐγοί
247 1032 314 1089 λέγω,
331 1030 462 1078 ναταλιπαίν
482 1032 606 1092 Κλημεντα
622 1034 674 1093 παρ’
690 1037 739 1092 ἐμοί
760 1036 796 1079 ιιαί
818 1032 956 1094 προαγαγών
980 1034 1041 1095 ἧμας

75 1103 106 1149 εἰς
121 1097 267 1180 Ἀντιόχειαν
282 1098 340 1158 μετοί
358 1104 397 1160 της
413 1105 514 1160 ουμβίου
530 1123 581 1158 σου,
603 1110 635 1150 ἔτι
655 1105 678 1149 66
700 1105 828 1149 Φαυστίνου
849 1106 884 1149 ναί
902 1107 1039 1151 Φαυοτινια-

75 1172 116 1214 666
131 1174 176 1216 των
192 1174 246 1216 υἱωι
262 1189 310 1217 σου
341 1173 474 1219 ουνὲοονται
491 1175 515 1219 66'
531 1193 565 1220 666
581 1177 615 1219 ταί
632 1173 695 1220 όίλλοι
711 1176 785 1226 τινές,
805 1172 845 1225 οὓς
861 1175 901 1232 ἒγοί
920 1176 986 1232 αρίνω
1000 1177 1039 1229 66-

74 1237 157 1289 νατοιίς
170 1239 313 1299 6666666666
330 1245 360 1300 τη]
378 1244 423 1301 6²66
438 1244 498 1299 θελη
484 1262 563 1302 ηματι.

49 1311 68 1344 15
131 1312 183 1355 XIX
216 1310 282 1357 Μετοὶ
297 1311 384 1357 τούτων
400 1316 424 1356 ἐν
440 1314 468 1372 66
483 1311 613 1375 Ἀντιοχείᾳ
629 1314 803 1372 [γειιίιγιενος],
806 1317 830 1357 6¹6
849 1311 891 1372 6666
913 1311 941 1364 τίς
961 1317 1039 1372 Σίμων

73 1399 155 1440 φαιυη,
178 1382 277 1439 ιίημοοίιγ
296 1378 391 1439 υηρυξον
410 1381 451 1440 666
472 1388 569 1430 66666666
590 1386 752 1440 ιιετα[μὲλτιαν
775 1383 870 1436 εἰπών]
896 1382 936 1442 ἐγοί
960 1388 1038 1441 Σίμων

72 1453 144 1495 ταυτα
160 1448 218 1507 ιίμῑν
235 1451 336 1507 ιηριίοοω
352 1450 469 1511 ὁμολογῶν
477 1454 494 1507 ²,
510 1450 589 1504 οίιλίιιως
604 1454 807 1512 ιιαταιγειί[οαοθαι
830 1453 858 1499 66
878 1458 920 1500 του
936 1457 1035 1512 Πέτρου·

72 1521 99 1564 ου’
115 1520 167 1579 γάρ]
183 1526 230 1568 ἐστι
246 1522 346 1572 πλάνος,
367 1519 395 1566 ουΙ
410 1524 548 1580 μιαιφόνος,
568 1520 595 1569 ου’
609 1522 675 1582 γόης,
703 1525 752 1570 οιιίλλ
766 1523 806 1568 ὅσα
822 1527 878 1568 ποτε
895 1527 969 1580 ηαυλα
985 1527 1036 1582 περὶ

73 1589 146 1638 ου’του
163 1594 232 1648 λέγων
249 1598 355 1646 ἔφθανον
369 1588 417 1638 6666
434 1597 514 1650 θιιμοῠ
530 1593 686 1648 ἐλαυνόμενος.
726 1594 805 1648 ιλέομαι
820 1590 886 1651 τίμιον
905 1591 973 1644 αὐτός
988 1593 1037 1652 ἐγώ,

47 1662 84 1707 206
100 1665 142 1708 του
158 1660 214 1719 πρός
228 1660 290 1720 τίμας
305 1664 386 1719 μίοους
402 1666 473 1713 αἴτιος
487 1662 547 1723 6666
561 1663 669 1720 γεγονώς,
685 1664 808 1709 παθοαοθε
823 1667 944 1720 μιοουντες
955 1662 1035 1711 66666·

72 1735 114 1779 τοι]
130 1732 172 1790 γιίρ
188 1732 235 1778 6666
251 1737 310 1778 θεου
326 1730 382 1790 πρός
398 1736 508 1791 σωτηρίαν
523 1732 609 1791 ιόομου
626 1731 801 1790 οἷπεοταλμὲνου
822 1731 926 1791 ιίληθοῦς
946 1736 1036 1795 προφη-

70 1877 151 1918 dicens:
166 1874 276 1931 Audivisti,
292 1876 379 1931 Fausto,
396 1889 449 1930 quae
465 1876 489 1917 art
506 1888 544 1918 uos
560 1881 660 1930 spectant.
701 1876 721 1918 si
737 1875 783 1917 ficta
804 1875 825 1916 iu
839 1882 859 1917 te
881 1877 948 1919 vultus
963 1878 1032 1932 imago

68 1948 121 1989 utilis
135 1948 195 1989 uobis
211 1947 246 1989 fiat
261 1952 281 1988 et
296 1953 318 1989 tu
334 1959 372 1989 nos
388 1947 492 2001 adjuveris
508 1947 533 1989 ad
550 1961 584 2002 ea,
606 1960 659 2002 quae
674 1947 775 1988 mandabo
782 1981 787 2002 ,
809 1951 858 1987 tunc
879 1948 982 2001 propriam
998 1950 1033 1990 tibi

68 2018 173 2061 restituam
189 2017 275 2072 faciem,
292 2019 308 2058 si
323 2019 380 2070 prius
397 2017 482 2072 feceris,
499 2031 552 2072 quae
566 2019 601 2060 uti
616 2020 706 2074 jussero.
737 2018 767 2058 Ac
782 2017 835 2070 patri
855 2016 939 2058 dicenti:
962 2019 1032 2068 Quae-

43 2100 156 2143 rtcumque
171 2101 264 2144 possum,
280 2089 377 2130 lubenter
391 2089 504 2143 perficiam,
520 2090 537 2130 si
553 2090 613 2131 modo
629 2090 679 2130 meis
695 2087 785 2142 effigiem
801 2101 867 2129 meam
882 2089 967 2144 reddas,
990 2090 1032 2131 Pe-

67 2164 110 2201 trus
126 2161 243 2215 respondit:
259 2158 306 2213 lpse
322 2160 406 2202 auribus
422 2160 462 2201 tuis
478 2160 551 2201 audisti
565 2172 592 2201 ex
606 2160 640 2214 iis,
662 2159 696 2212 qui
718 2171 728 2198 a
752 2171 785 2200 me
801 2159 907 2212 praemissi
924 2160 1032 2202 Antiochia

66 2232 182 2285 redierunt,
200 2230 307 2285 quomodo
324 2229 394 2273 Simon
409 2230 449 2271 illic
465 2235 559 2273 versatus
580 2229 727 2271 multitudinem
751 2229 886 2271 vehementer
907 2237 978 2273 eontra
999 2245 1031 2274 me

67 2303 169 2358 excitarit,
186 2314 270 2356 magum
286 2306 306 2342 et
322 2301 387 2342 caede
402 2301 509 2355 pollutum,
531 2301 664 2354 deceptorem
686 2305 706 2341 et
721 2301 901 2355 praestigiatorem
922 2315 954 2344 me
974 2315 1030 2344 nuu-

66 2386 155 2428 eupans,
171 2373 197 2413 ita
214 2377 237 2414 ut
253 2371 389 2414 vehementur
404 2373 486 2426 cupiant
500 2372 548 2426 illic,
565 2384 636 2414 omnes
652 2372 690 2413 vel·
706 2373 802 2414 carnibus
818 2374 868 2415 meis
884 2375 947 2416 vesci.
989 2374 1030 2416 Fac

41 2453 118 2500 ttergo
135 2456 189 2498 quae
205 2444 241 2484 tibi
256 2438 392 2498 praecipiam,
409 2449 439 2500 et,
456 2443 561 2485 Clemente
577 2444 629 2498 apud
646 2456 678 2484 me
693 2443 779 2499 relicto,
805 2456 850 2485 cum
872 2457 938 2486 uxore
958 2450 992 2486 tua
1010 2450 1030 2486 et

64 2516 161 2557 Faustino
178 2527 202 2555 ac
217 2514 359 2569 Faustiniano,
375 2514 420 2556 filiis
436 2515 484 2570 tuis,
501 2515 540 2555 duc
556 2527 594 2555 nos
611 2513 747 2555 Antiochiam.
784 2513 849 2555 Erunt
873 2521 939 2557 autem
960 2521 1027 2557 tecum
1065 2545 1066 2549 ,

65 2593 85 2629 et
102 2587 134 2628 aiii
150 2585 241 2640 quidam,
258 2597 311 2639 quos
327 2585 352 2625 ad
368 2586 504 2639 adjuvandum
519 2599 585 2628 meum
602 2586 710 2629 consitium
728 2585 817 2626 idoneos
833 2586 949 2629 credidero.

121 2657 172 2698 XIX.
203 2656 291 2705 Quando
307 2656 369 2710 igitur
384 2657 441 2698 simul
457 2669 503 2698 cum
519 2657 542 2698 iis
558 2656 680 2697 Antiochiae
702 2655 794 2697 versaris
819 2661 838 2696 et
856 2656 926 2698 Simon
946 2658 1027 2711 quidem

64 2742 111 2772 essc
126 2728 215 2781 videris,
231 2727 296 2781 palam
313 2727 409 2780 praedica
427 2728 572 2781 poeniteutiam
588 2733 643 2768 tuam
667 2732 730 2780 atque
750 2726 789 2766 riic:
810 2725 855 2780 Ego
877 2726 946 2769 Simon
968 2729 1027 2771 vohis

38 2800 165 2841 atannuncio
181 2805 244 2853 atque
260 2798 337 2851 fatcor,
354 2811 386 2839 nte
401 2799 470 2853 inique
487 2799 512 2840 de
528 2798 589 2839 Petro
606 2799 712 2839 mentitum
729 2809 787 2848 esse;
811 2809 853 2838 non
870 2800 924 2839 enim
945 2800 978 2840 iilo
995 2805 1026 2841 est

63 2871 171 2926 deceptor,
188 2875 222 2911 aut
238 2870 304 2910 caede
320 2870 418 2926 pollutus,
435 2876 469 2913 aut
484 2871 641 2925 praestigiator,
665 2875 700 2910 aut
721 2880 774 2921 quac
798 2868 836 2909 alia
860 2875 934 2911 cuncta
956 2869 981 2911 de
998 2883 1023 2911 eo

63 2942 114 2982 mala
128 2941 204 2995 protuli
220 2941 292 2982 furore
308 2940 411 2982 incitatus.
442 2940 534 2983 Obsecro
551 2953 591 2995 ego
613 2952 652 2983 vos
667 2940 724 2993 ipse,
747 2940 781 2992 qui
804 2939 846 2981 odii
865 2940 930 2981 uestri
952 2945 1025 2982 contra

64 3025 109 3052 eum
125 3013 199 3054 noxius
214 3024 260 3054 sum
275 3016 360 3066 auctor,
382 3016 404 3051 ut
423 3012 441 3052 id
464 3012 580 3066 deponatis:
596 3024 642 3051 uam
656 3010 690 3050 ille
706 3014 738 3050 est
753 3011 797 3051 veri
812 3011 837 3051 ari
853 3011 939 3053 salutem
955 3011 1024 3051 mundi

62 3082 132 3123 aDco
148 3084 204 3124 missi
219 3083 333 3137 prophetae
350 3094 413 3123 verus
429 3084 540 3135 apostolus.
573 3082 704 3134 Quapropter
720 3083 799 3135 etipse
815 3081 900 3137 suadeo,
916 3088 938 3123 ut
949 3084 968 3124 ei
978 3095 1023 3124 cre-

96 3229 114 3265 1.
145 3220 254 3278 ὁμολογοῦν
270 3228 292 3267 Ο.
