2276 3612
534 222 576 269 265
845 289 848 295 Ι
895 225 933 276 xu,
951 227 983 265 ιι,
1002 227 1034 265 ιι,

70 342 134 400 οἶμαι
150 336 225 385 πεῖσαί
239 359 295 387 ποτε
310 340 442 399 δυνηθῆναι
456 358 515 386 τινα
553 340 613 398 atta
636 343 674 390 καί
693 342 765 388 σοιτί
782 337 883 396 θιαρὲριι
903 340 971 384 τούτο
987 357 1034 396 ρια-

69 419 134 467 θεῖν,
150 429 164 468 q
156 407 270 466 ”paderna1
290 430 333 468 την
349 413 447 464 αἰτίαν,
461 405 488 470 ἧς
502 419 576 459 ἕνεκεν
592 410 722 473 ὀάυνωχιενη
737 414 837 501 άήχχιασι
853 409 896 462 τάς
910 408 969 468 ἐμάς
989 412 1034 456 ἐνέ-

69 482 140 541 κραοα
155 490 236 541 χεῖρας·
267 480 329 539 πλήν
344 480 372 528 τά
388 500 429 528 ναν
452 482 567 540 ἐμαυτήν,
583 481 610 534 ὥς
625 482 751 532 δυνατόν’
738 483 1033 542 anovoaraqdrqpqaopar.

69 552 108 612 ἐχά
124 550 186 597 πάνυ
202 549 294 611 εὐγενής
309 550 444 613 ὑπάρχουσα
461 553 589 601 ιλυνάστου2
604 553 665 606 τινάς
681 558 796 615 προσταχῄ
806 553 873 613 dadai
886 550 943 613 πρὸς
952 554 1033 613 γένους

70 620 129 680 adep}
144 618 268 682 ὑπάρχοντι
284 618 396 680 ἐγενόμην
411 619 477 681 γυνά.
508 627 545 671 καὶ
560 623 618 681 pratri
635 627 716 684 didcprc
729 627 797 671 τέκνα
809 631 875 687 ἔσχον
885 631 963 682 ἕτερον
974 622 1049 669 eldat

68 689 80 740 ά
96 693 118 737 dd
133 692 176 736 του
191 694 249 754 ἐμοῦ
264 689 345 749 άνάρὸς
360 690 455 750 adelada
470 697 554 750 ρισνιλς
570 692 610 740 συίι
626 699 721 741 ἔλαττον
736 693 827 754 α’ράσθιχ
842 715 888 753 μου
904 697 944 753 τῆς
954 696 1032 740 ταλαι-

70 760 144 819 πώρου
154 761 171 814 ³,
186 762 271 819 aptatae
286 772 409 820 σωφρονεῖν
429 762 557 821 ἀγαπώσης.
593 767 630 810 καὶ
651 766 800 823 βουλομένη4
820 764 878 822 μήτε
898 768 928 824 τῷ
949 765 1033 823 ἐραστῇ

69 832 210 885 συνθέσθαι,
233 829 292 888 μήτε
314 833 343 890 τῷ
358 834 409 890 lappa]
432 830 494 891 άκάρλ
511 833 645 881 άναθὲοθαι
661 832 756 885 aaaron]
771 833 869 897 άιλελφοὺ
885 833 958 881 αὐτου
975 830 1032 891 πρὸς

68 906 107 960 ἐμὲ
100 900 370 988 ὲρατα,ἐλοχισάρχοχν,
386 904 441 951 ἴνα5
456 904 515 963 μήτε
531 904 804 989 ριοιχηοαριένιχέριαυτάν
819 925 901 963 ριιανα,
915 905 1031 964 μήσεται]

69 981 125 1033 e'prcv
116 969 259 1032 οἷνιλρὸς“
234 992 276 1057 τιχν
291 976 371 1034 κοίτην
386 975 486 1064 ρ’βρλσα,
506 995 564 1060 ριιχτε
585 995 614 1035 τρι
608 974 717 1037 α’άιλιρῳ
738 973 778 1021 τὸν
801 974 897 1034 adelada
919 978 1031 1032 πολεριιον
1039 987 1058 1022 10

69 1063 210 1101 καταοτιχσα,
228 1044 287 1104 parpes
302 1046 356 1092 ὅλον
370 1049 435 1105 γένος
449 1051 509 1132 μέχρι
527 1045 560 1094 ὃν
569 1067 601 1098 εις
616 1044 746 1114 σνιιιλισριάν
762 1047 832 1093 πάσιν
847 1045 986 1106 άπσβαλαθ·
1003 1042 1032 1095 dg

68 1123 138 1175 ἐραν,
153 1118 291 1175 stapedum
306 1116 348 1175 κάν
364 1117 431 1164 πάλιν
446 1118 506 1178 praed
521 1121 565 1165 τάν
580 1121 640 1176 ἔρισιν
655 1118 717 1176 ιλιάιλρ
717 1135 758 1163 ιοιν
773 1118 861 1163 auitae
883 1120 1002 1183 cappatus
992 1118 1029 1161 επὶ

101 1188 105 1204 t
211 1188 216 1204 ι
304 1188 313 1202 ,ι
400 1186 406 1200 ι
485 1189 489 1203 .
642 1188 645 1199 ,
968 1186 973 1196 .

68 1256 229 1310 κολακεύοντος
244 1278 281 1316 χιε.
312 1258 353 1305 τάν
368 1261 448 1317 μέντοι
460 1267 540 1318 ,ἕτερον
556 1257 606 1305 υἱὸν
621 1255 683 1317 παρά
700 1259 729 1318 τῷ
744 1258 812 1316 πατρὶ
823 1268 899 1315 ,κεῖναι
912 1261 943 1308 εἰς
955 1274 1030 1314 παρο-

68 1330 161 1387 ,αυθιάν
176 1330 307 1375 κατέλιπον.
1037 1335 1057 1370 15

125 1400 176 1444 XVI.
207 1397 272 1456 Πλὴν
289 1405 326 1445 ἵνα
342 1402 417 1446 ταυτα
434 1399 520 1451 οὔτως7Ι
535 1401 640 1458 γένηται,
654 1394 765 1456 ἐπενόησα
781 1395 871 1455 ὄνειρον
888 1394 1031 1451 πλάσασθαι,

67 1468 95 1519 οἷς
110 1469 136 1527 (λά
151 1486 214 1519 τινος
229 1468 321 1527 νύκτωρ,
332 1466 466 1520 ἐπιστάντος
485 1489 526 1528 proc
547 1470 584 1514 καὶ
606 1467 730 1527 εἰρηκότος·
752 1465 834 1526 γύναι,
854 1466 963 1525 ἐξαυτῆς8
981 1465 1032 1521 άιια

68 1549 113 1588 τοῖς
128 1536 231 1595 άιθάρισις
245 1556 286 1584 σου
301 1541 388 1589 τέκνοις
402 1542 439 1586 ἐπὶ
455 1539 537 1600 χρόνον
552 1538 603 1585 τινά
612 1573 619 1592 ,
635 1540 714 1600 μέχρις
729 1535 766 1583 ὅτε
779 1535 875 1595 ,ιιιχνυσω
892 1540 1032 1583 ἐπανελθεῖν

67 1625 90 1653 σε
104 1608 223 1662 ἐνταῦθα,
238 1611 323 1667 ἔκβηθι
339 1607 379 1666 τήν
395 1607 470 1655 πόλιν.
499 1612 546 1656 duel
563 1606 611 1666 άρια
629 1605 691 1666 άνάρλ
708 1608 743 1653 καὶ
760 1607 816 1653 ardet
832 1625 871 1669 σου
886 1618 934 1659 τοῖς
943 1609 1031 1660 τέκνοις

67 1750 188 1806 proferrem,
205 1763 246 1793 non
259 1751 348 1793 arbitror
363 1764 395 1792 me
411 1763 474 1804 posse
490 1751 549 1793 alicui
563 1751 699 1805 persuadere.
730 1749 771 1794 Sed
787 1750 870 1805 etquid
887 1751 912 1793 ad
927 1756 947 1794 te
961 1752 1057 1794 attinetto

66 1822 86 1862 irl
102 1833 244 1878 cognoscere,
261 1822 300 1864 nisi
314 1827 391 1865 tantum
411 1833 504 1878 causam,
529 1822 555 1863 ob
572 1834 632 1876 quam
653 1822 725 1863 dolore
747 1820 819 1863 allecta
840 1822 944 1880 morsibus
960 1835 1032 1865 manus

66 1904 122 1934 meas
137 1881 229 1936 mortuas
244 1892 330 1935 reddidi.
360 1892 435 1933 Tamen
451 1905 507 1948 mea,
528 1892 596 1947 quoad
613 1893 684 1935 audire
699 1898 768 1948 potes,
789 1891 885 1936 referam.
922 1893 968 1948 Ego
991 1894 1032 1935 ad-

66 1963 149 2005 modum
164 1964 249 2019 nobilis,
265 1964 360 2018 principis
375 1964 481 2019 enjusdam
496 1964 535 2006 uiri
549 1964 646 2020 imperio,
662 1968 721 2019 nupsi
736 1964 782 2006 viro
799 1964 834 2019 qui
850 1968 895 2006 erat
909 1964 961 2006 illius
977 1976 1032 2019 pro-

65 2036 164 2091 pinquus:
180 2041 200 2077 et
215 2042 263 2090 post
278 2036 331 2079 duos
347 2038 441 2091 geminos
456 2037 534 2079 liberos
550 2035 611 2077 alium
626 2036 709 2091 suscepi
724 2035 792 2078 lilium.
830 2035 871 2079 Sed
885 2036 950 2078 frater
965 2036 1032 2078 mariti

24 2146 26 2150 Α
65 2107 116 2158 mei,
131 2118 206 2160 magna
220 2113 328 2161 correptus
342 2108 429 2164 insania,
444 2107 546 2149 adamavit
560 2120 593 2149 me
608 2107 714 2163 miseram,
731 2119 785 2162 quae
800 2111 856 2149 caste
871 2107 943 2149 vivere
958 2107 1057 2160 euple-25

64 2176 110 2218 bam
126 2176 242 2221 admodum.
273 2177 364 2233 Cumque
380 2190 419 2221 nec
434 2178 506 2221 vellem
522 2178 608 2226 amatori
624 2179 749 2234 consentire,
764 2190 804 2219 nec
820 2178 864 2220 viro
880 2191 927 2221 meo
940 2191 1032 2220 amorem

64 2246 192 2302 fratris'eJus
208 2261 259 2304 erga
274 2262 307 2291 me
323 2261 440 2304 exponere,
456 2250 529 2305 statui,
545 2254 567 2291 ut
585 2260 654 2303 neque
670 2249 788 2292 adulterans
804 2249 916 2303 polluerem
932 2262 976 2304 me,
992 2261 1032 2290 nec

65 2319 103 2360 uiri
118 2319 159 2360 mei
173 2324 241 2362 torum
257 2320 381 2362 contumelia
396 2319 510 2376 afficerem,
532 2332 601 2374 neque
616 2318 702 2362 fratrem
723 2319 782 2362 fratri
797 2319 908 2362 redderem
922 2321 1031 2376 inimicum,

65 2401 133 2444 neque
149 2395 217 2432 totam
228 2391 332 2447 familiam,
348 2403 401 2445 quae
416 2403 490 2445 magna
506 2396 560 2446 erat,
576 2392 596 2432 in
613 2391 745 2446 opprobrium
767 2392 845 2434 cunctis
861 2391 944 2445 darem,
964 2392 1030 2448 statui,

64 2458 157 2517 inquam,
173 2462 225 2504 urbe
241 2475 286 2504 cum
300 2464 352 2505 'meis
368 2464 454 2518 geminis
471 2464 540 2517 pueris
557 2462 582 2504 ad
598 2463 701 2517 quoddam
717 2469 798 2516 tempus
820 2462 941 2519 discedere,
962 2463 1055 2506 donecao

65 2531 191 2587 etimpurus
207 2545 264 2575 amor
278 2533 343 2589 illius,
363 2534 397 2588 qui
412 2534 459 2575 mihi
473 2533 499 2575 ad
515 2533 605 2576 dedecus
620 2536 688 2575 meum
706 2535 862 2591 assentabatur,
883 2535 945 2594 finem
965 2548 1029 2577 acce-

63 2603 133 2656 pisset.
163 2601 191 2645 At
206 2604 291 2646 alterum
307 2604 379 2660 filium,
395 2609 417 2646 ut
432 2603 485 2659 apud
501 2609 579 2659 patrem
594 2604 614 2645 in
630 2604 724 2646 solatium
739 2610 844 2661 maneret,
860 2606 940 2661 reliqui.
975 2638 977 2641 >

121 2673 178 2715 XVI„
202 2675 278 2716 Verum
294 2687 335 2733 quo
351 2675 403 2717 haec
418 2676 445 2718 ita
460 2675 544 2732 fierent,
565 2676 585 2716 in
605 2674 692 2716 animum
712 2674 796 2731 induxi,
817 2677 918 2719 somnium
942 2676 1027 2732 fingere,

64 2745 123 2797 quasi
138 2745 211 2800 aliquis
227 2745 275 2786 mihi
290 2752 354 2789 noctu
370 2747 480 2790 adstitisset
496 2760 520 2788 ac
535 2747 629 2790 dixisset:
644 2746 727 2803 mulier,
744 2747 854 2790 confestim
869 2761 910 2790 una
926 2761 971 2789 cum
987 2760 1027 2803 gc-

64 2815 122 2857 minis
137 2817 176 2859 tuis
191 2817 261 2870 pueris
276 2817 328 2859 urle
343 2817 426 2860 discede
443 2818 468 2860 ad
484 2818 567 2873 aliquod
582 2823 672 2874 ternpus,
689 2818 757 2861 donec
773 2831 845 2862 rursus
861 2820 988 2874 indicavero,
999 2824 1055 2861 'utet

62 2886 136 2928 redeas
152 2887 202 2928 huc:
217 2888 294 2942 alioqui
309 2901 355 2930 cum
368 2892 440 2933 marito
457 2891 577 2945 cunctisque
592 2890 631 2931 tuis
652 2890 722 2932 liberis
743 2890 856 2946 derepente
876 2892 951 2947 peribis
968 2892 1027 2935 male.

94 2997 112 3032 1.
142 2991 240 3047 pdaqu.
586 3001 617 3036 5.*
634 2992 666 3037 ἵνα
682 3012 718 3038 cm.
734 3001 755 3039 0.

93 3057 111 3091 2.
130 3054 228 3095 ,δυνατοῦ
243 3056 290 3106 Epit.
585 3061 604 3095 6.
634 3053 732 3112 ὑποβάλω
749 3059 770 3098 0.

69 3114 113 3151 3.
142 3113 319 3168 ταλαιπωριαςΟ.
584 3118 603 3153 7.
635 3112 779 3162 οὕτωςταῦτα
795 3116 814 3153 C.

94 3173 113 3208 4.
143 3170 277 3226 βουλσμένχ,
292 3173 465 3243 βουλρριένιχςῦθ.
482 3178 530 3216 Sut-
584 3176 603 3215 8.
634 3172 655 3228 ἐξ
670 3173 732 3230 αὐτῆς
748 3177 761 3215 0
779 3179 890 3216 σσασλσσλαι.

62 3229 149 3284 11]de
123 3243 171 3285 χιχτε
188 3231 202 3270 0
219 3234 309 3287 erupit,
325 3229 386 3288 μὴῦ
