2276 3612
495 298 497 302 ⁴
547 246 585 292 111
909 247 938 297 nr,
956 248 1050 286 κο-ει,

91 361 150 421 ,tondi
166 357 208 419 τήν
224 360 296 424 οίρχήν
311 361 468 415 α’ναιλὲξασθαί
482 362 556 417 χιονῙ·
578 360 611 421 ,ιιή
627 382 673 415 πῶς
692 360 704 409 ὁ
725 360 856 420 διαβάλλων
873 356 942 408 odada
958 360 988 419 τῶ
1003 357 1053 404 ὅντι

90 428 197 489 utpotae
214 434 321 494 ἐλεγχθῇ,
344 431 381 478 καί
403 429 415 474 ὁ
437 426 526 488 ῶλιχθής
541 430 606 489 λόχος
621 431 763 495 ἀναδειχθεὶς
779 431 936 488 πιστευθῆναι
952 430 1052 488 (λκνήθή.

90 500 131 560 χρή
146 495 187 547 οῦν
202 522 231 559 ,κε
247 505 328 562 ταχέας
344 496 620 560 αῦτῦνὲπικαταλαβεῖν,
642 508 679 549 ἵνα
704 499 737 560 μή
755 502 770 560 ή
785 496 885 560 διαβολή
903 500 1052 560 ἐγχρονίσαοα

91 572 206 623 παντελῶς
220 571 317 619 ποίντιον
329 568 470 631 ἐπικρατήσῃ
478 571 495 613 ².

77 691 79 696 ρ
145 641 185 684 LX.
214 639 281 688 Ἐπεί
298 638 340 687 οῦν
354 641 388 687 der
400 659 452 688 τινα
465 638 539 698 ῦρίσαι
554 637 604 688 ῶντ’
619 643 675 697 ε’,ιιοῦ
690 640 731 687 τὸν
746 639 802 699 §podo
818 639 999 699 οίναπλήροῦντα
1015 639 1051 685 τό·
1069 655 1079 687 t

90 725 148 763 πον,
163 714 206 772 ,tupi
222 713 350 769 προαιρέσει
367 712 487 770 θεηθῶριεν
503 714 544 757 τοῦ
562 711 622 757 Θεοῦ
631 711 640 739 ³
656 714 676 755 οἱ
691 708 785 764 πάντες,
800 709 860 761 ὅπως
875 713 921 755 τῶν
936 707 1011 755 ὄντων
1027 714 1052 755 ἐν

89 775 144 836 ήριῑν
159 779 219 827 adol
234 782 352 838 κρείττονα
368 776 436 831 αῦτῦς
452 781 569 840 πρόιλήλον
584 776 680 841 ποιήσῃ,
700 785 738 826 ἵνα
753 783 789 827 ε’πί
804 782 843 838 τής
858 783 962 840 Χριστοῦ
978 782 1052 827 καθέ-

90 845 143 906 δρας
159 852 285 901 καθεσθείς
300 847 343 908 τήν
359 851 431 898 αὐτοῦ
446 851 566 910 ἐκκλησίαν
581 846 680 909 εῦσεβῶς
697 852 813 908 οἰκονομή.
848 853 882 902 τίς
898 851 941 911 κ’ίρα
957 849 1051 911 ὁρισθή-

89 936 165 972 σεται,Ι
185 923 245 968 Θεοῦ
260 917 303 980 χείρ
318 921 405 981 βοκλή5
425 918 586 969 ῶνατλείκννται
604 920 717 979 ,ιιακείριος
736 917 748 965 ὁ
764 918 884 978 ε’ίνθρωπος
900 929 1000 978 taretros,
1024 922 1051 970 ὃν

89 989 222 1050 καταστήσει
237 987 249 1037 o
266 991 358 1050 κῦριος6
374 990 445 1038 αῦτοῦ
459 993 496 1038 ε’πί
511 992 551 1045 τής
567 991 694 1049 θεραπείας
707 992 753 1035 τῶν
768 989 897 1039 σννιλοῦλοιν
913 991 993 1049 αῦτοῦ,
1009 998 1077 1041 τοῦτο

89 1059 176 1107 tattone
191 1057 270 1114 αῦτοῑς
285 1061 325 1113 τοίς
340 1059 425 1120 τροφοίς
440 1067 465 1109 ὲν
480 1062 548 1122 καιρῶ
564 1057 652 1114 αῦτῶν,
675 1056 710 1120 μή
732 1059 888 1120 ἐννοοῦμενον
903 1065 939 1110 καί
956 1066 1050 1123 theoto

89 1135 113 1176 ἐν
128 1134 157 1189 τῇ
172 1133 251 1193 καρτλία
267 1132 349 1179 αὐτοῦ·
369 1135 467 1194 χρονίζει
486 1131 498 1178 ὁ
520 1130 597 1190 κύριός
611 1149 658 1191 ,κον
673 1136 759 1178 ἐλθεῖν·
786 1133 822 1177 καί
843 1129 937 1192 ῦίρξήται
957 1132 1051 1182 τῦπτειν

89 1200 141 1253 τοῦς
156 1204 293 1257 σννιλοῦλοκς
309 1202 395 1257 αῦτοῦ,
409 1206 492 1250 ἐσθίων
507 1204 544 1248 καί
560 1205 633 1249 πίνων
648 1200 707 1258 ,κενοί
723 1202 764 1247 τε7
785 1202 876 1258 πόρνον
897 1206 933 1250 καί
949 1205 1052 1262 placato·

89 1288 144 1317 τῶν·
161 1274 197 1319 καί
212 1271 258 1330 ήξει
274 1270 286 1319 o‘
303 1271 452 1332 κῦριος3’τοῦ
469 1274 554 1320 δοῦλον
568 1272 655 1318 ἐκείνου
670 1276 694 1317 ἐν
709 1271 753 1329 ῶρρι
768 1268 782 1333 p}
798 1271 826 1321 οῦ
842 1276 967 1336 προσδοκᾷ,
982 1278 1018 1322 καί
1026 1281 1051 1322 ἐν

88 1336 192 1402 ήχιίρριή
209 1340 237 1390 οῦ
252 1342 364 1400 χινῶσκει,
380 1345 416 1391 καί
433 1343 576 1405 διχοτομήσει
592 1337 674 1396 σῦκόν,
689 1343 725 1389 καί
741 1340 766 1389 od
776 1339 890 1392 totototo
903 1342 973 1392 αῦτοῦ
981 1347 1077 1405 ,κε’ροςιῡ

89 1408 148 1470 ,ιιετοί
164 1413 209 1458 τῶν
224 1410 351 1471 ῦποκριτῶν
366 1415 439 1472 θήσει.

146 1483 194 1528 LXI.
225 1486 258 1529 Et
273 1486 296 1529 dd
311 1503 345 1537 τις
360 1486 404 1530 τῶν
419 1483 579 1542 παρεστῶσαν,
595 1484 686 1531 drocone
702 1483 833 1542 ιλννοίμενος
854 1482 897 1541 τήν
917 1483 1052 1542 οἶννιοριοσῦ*

89 1569 133 1611 νήν
148 1555 194 1600 τῶν
210 1548 350 1612 ῶνθρῶπων,
365 1553 540 1609 ῦποοτὲλλεται,
563 1556 603 1613 τής
618 1552 689 1600 αῦτοῦ
703 1550 853 1606 ῶναπαῦσεας
868 1555 992 1613 φροντίζων
1007 1553 1052 1613 ,αό-

89 1642 143 1683 νής,
158 1625 194 1669 καί
209 1620 277 1674 αῦτῦς
293 1622 436 1683 προσελοκοίκω
452 1621 558 1673 ῶκοῦσοιι·
581 1626 647 1671 boote
662 1627 747 1682 πονηρὲ
762 1625 798 1669 καί
814 1620 907 1683 ὀκνηρέ,
928 1625 972 1671 ἔδει
988 1643 1012 1671 σε
1026 1623 1052 1672 τὸ

89 1769 154 1823 piant,
171 1780 198 1810 ne
212 1762 277 1824 forte,
294 1768 328 1822 qui
345 1768 488 1825 calumniatur,
504 1782 579 1812 revera
594 1781 642 1812 esse
658 1768 793 1810 calumniator
808 1766 981 1826 deprehendatur,
996 1774 1077 1818 etncao

89 1852 151 1883 verus
167 1851 247 1895 sermo,
263 1850 308 1879 cum
323 1838 384 1881 luerit
397 1840 523 1897 patefactus,
539 1840 596 1882 credi
611 1840 682 1893 possit.
722 1837 810 1891 Oportet
830 1850 881 1892 ergo
898 1852 931 1882 me
952 1840 992 1882 cito
1009 1840 1051 1883 ho-

89 1912 163 1953 minem
177 1910 270 1965 assequi,
286 1915 307 1951 ut
322 1922 349 1952 ne
366 1910 465 1952 calumnia
478 1910 555 1953 'diutius
570 1910 677 1951 immorata
694 1920 766 1951 omncs
781 1908 862 1962 penitus
878 1909 967 1952 invadat.

146 1981 184 2024 LX.
216 1981 316 2030 Quoniam
332 1982 394 2036 igitur
409 1993 497 2024 nccesse
514 1986 545 2024 est
565 1981 637 2035 aliquis
653 1980 788 2023 constituatur
812 1979 847 2033 qui
864 1993 933 2022 meum
956 1981 1050 2035 suppleat

88 2052 167 2107 locum,
187 2064 229 2093 uno
245 2052 312 2094 animo
328 2052 394 2093 Deum
409 2053 477 2095 cuncti
493 2064 587 2108 oremus,
608 2057 631 2093 ut
647 2063 719 2094 eorum
743 2051 778 2104 qui
793 2051 847 2093 inter
867 2064 907 2095 nos
923 2057 971 2095 sunt
984 2066 1049 2107 prae-

89 2122 233 2166 stantissimum
248 2122 374 2177 manifestet,
394 2135 435 2177 quo
451 2122 527 2167 sedens
546 2124 568 2165 in
588 2121 663 2165 Christi
681 2121 779 2163 cathedra
801 2122 865 2176 ipsius
888 2123 996 2166 ecclesiam
1016 2124 1076 2178 pie25

89 2193 221 2236 administret.
253 2192 301 2241 Quis
317 2199 384 2235 autem
401 2194 556 2249 designabitur?
569 2194 608 2235 Dei
623 2194 699 2248 quippe
714 2193 863 2246 pronunciatur
875 2194 961 2237 consilio
977 2195 1050 2238 beatus

88 2266 121 2308 ille
136 2264 210 2320 homo,
227 2276 287 2319 quem
305 2265 414 2307 constituet
430 2267 474 2320 cJus
497 2265 590 2309 dominus
610 2277 674 2318 super
696 2264 814 2306 famulitium
831 2276 980 2308 conservorum
996 2278 1049 2308 suo-

88 2349 144 2390 rum,
165 2340 188 2377 ut
203 2335 237 2377 det
251 2335 289 2377 illis
304 2336 371 2377 cibum
386 2336 406 2377 in
425 2342 529 2391 tompore,
555 2337 590 2391 qui
609 2347 651 2377 non
671 2335 747 2390 cogitat
766 2347 791 2376 ac
810 2334 858 2376 dicit
878 2336 899 2377 in
920 2336 984 2378 corde
1005 2349 1050 2393 suo,

87 2418 168 2448 moram
182 2405 230 2447 facit
246 2404 340 2448 dominus
355 2418 413 2448 meus
429 2407 511 2448 venire:
531 2406 548 2449 si
570 2406 623 2448 enim
643 2406 673 2447 sic
692 2407 785 2459 coeperit
800 2412 912 2460 percutere
928 2418 1049 2463 conservos,

88 2476 213 2519 manducans
229 2481 249 2518 et
263 2476 336 2520 bibens
352 2489 398 2519 oum
413 2477 555 2520 meretricibus
570 2488 593 2519 ac
609 2476 705 2531 ebriosis,
730 2475 800 2517 veniet
816 2476 911 2520 dominus
927 2478 982 2520 servi
997 2478 1075 2526 illiusao

89 2549 110 2589 in
123 2548 175 2589 hora
191 2559 232 2601 qua
247 2558 289 2588 non
305 2553 375 2601 sperat
391 2549 446 2590 etin
463 2548 495 2590 die
512 2560 553 2603 qno
570 2547 647 2602 nescit,
664 2552 684 2588 et
700 2544 776 2587 diridet
791 2559 851 2602 eum,
867 2555 988 2604 partemque
1005 2553 1049 2606 ojus

88 2617 189 2660 infidelem
205 2623 269 2673 ponet
284 2631 330 2660 oum
345 2619 463 2673 hypocritis.
778 2623 780 2628 '

145 2688 194 2731 LXI.
225 2689 284 2737 Quod
300 2691 317 2732 si
332 2691 380 2746 quis
394 2690 524 2746 adstantium,
541 2703 586 2732 curn
599 2689 664 2742 possit
679 2688 784 2730 hominum
800 2688 952 2742 improbitatem
966 2702 1048 2746 regere,

89 2765 156 2802 tamen
173 2760 284 2815 detrectat,
300 2761 325 2804 de
341 2775 378 2805 sua
394 2762 458 2805 solum
475 2758 544 2816 quiete
560 2760 663 2814 sollicitus,
681 2765 701 2802 et
715 2760 759 2813 ipse
772 2766 880 2815 exspectet
895 2761 974 2803 andire:
989 2775 1049 2804 ser-oe

88 2832 142 2873 ιιιαίο
158 2836 179 2872 ct
190 2831 261 2885 piper,
278 2835 369 2884 oportuit
383 2838 402 2873 te
417 2834 499 2874 trudere
511 2832 622 2886 pecuniam
637 2843 702 2871 ιιιοιικι
715 2832 864 2884 κικιικιιιίιινίλτ,
881 2837 903 2873 ct
916 2845 954 2886 epo
963 2834 1075 2875 ceratensoa

133 3026 137 3036 .
167 2999 217 3048 Lege
231 3013 255 3051 με
271 3000 289 3037 S.
610 3002 628 3038 6.
657 2998 876 3049 tunnacaestir.
895 3001 926 3047 12,
944 3001 978 3037 42.

134 3086 138 3094 .
169 3051 295 3111 ἐπικρατήσει
311 3057 332 3096 0.
610 3062 629 3098 7.
659 3073 680 3098 τε
695 3058 857 3109 praetermiserunt
871 3056 891 3093 cl
908 3063 926 3095 et
940 3060 960 3097 S.

134 3143 139 3154 .
168 3116 203 3155 τοῦ
221 3116 245 3157 Θ.
260 3115 363 3168 δεήθῶμεν
378 3118 398 3157 (λ
609 3119 629 3156 8.
659 3119 721 3157 llatth.
737 3119 771 3165 25,
788 3121 821 3155 26.
836 3115 878 3154 Luc.
895 3118 928 3167 19,
944 3122 978 3157 22Δ
1001 3116 1048 3159 ε’κεί·

134 3204 137 3211 .
168 3171 289 3216 abnormi).
580 3189 614 3216 νον
631 3178 743 3225 exciditap.
760 3174 845 3213 creas,

120 3236 136 3271 ⁹.
167 3235 193 3275 lta
209 3236 223 3273 0
240 3248 256 3274 c.
271 3237 298 3285 D,
312 3230 374 3288 picoti)
391 3236 411 3274 C.
