2276 3612
556 243 595 291 141
931 246 958 300 v,
970 248 1003 288 ιι.
1021 247 1054 287 la.

89 358 126 408 καί
143 361 208 408 capot
223 363 356 410 λαύσθωοαν
371 359 454 419 νόμοι,
470 362 604 418 ζηλοτύπως
619 360 752 423 οίνθρώπως
766 363 867 420 κείμενοι
873 395 880 415 ,
895 366 992 413 οἵτινες
1006 357 1054 407 dud

90 430 170 483 σίνοίας
184 433 336 492 κρατούμενοι
351 435 387 479 καί
403 429 428 477 τὸ
443 431 539 491 εύλονον
554 444 616 480 νοεῖν
631 429 665 492 μη
679 432 829 493 βουλόμενοι,
854 435 949 489 προσέτι
973 434 996 478 dt
1016 433 1054 478 καί

89 497 144 553 τους
160 504 296 561 λεγομένους
316 499 414 562 μοιχους
435 499 591 560 ύφσρώμενοι,
613 503 653 551 ὑπ’
676 501 750 550 adcor]
772 507 813 549 που
832 501 885 553 Διὸς
905 501 942 548 ελιοί
962 521 987 561 με
1010 503 1054 548 κου’

89 572 158 618 Μίνω
173 576 209 620 καί
225 577 266 620 του
280 569 464 630 Ῥαδαμάνθυος
475 574 484 601 Ῑ
499 572 677 633 εύλόηωςθετοῑς
689 575 829 629 παίζονταιῖ
844 572 934 630 νόμοις.
960 572 1053 630 Ἔρωτα

89 640 132 700 yolo
147 643 322 703 ἐπιδημήσαντα
339 653 421 705 ψυχαῖς
437 641 478 689 ουκ
494 641 557 691 ἔστιν
572 649 678 706 ἐπισχεῖν.
715 640 742 689 ου
762 642 805 702 φώρ
827 650 889 692 ἐστιν
904 642 1011 690 ἑκούσιον
1027 639 1070 689 ado

90 716 134 760 τών
150 711 248 771 ἐρώντων
264 713 350 765 πύελος.
380 710 462 760 αυτίκα
477 715 534 772 γοῦν
550 711 634 764 ἇΖευς
649 710 720 764 adada
735 711 747 758 ὁ
763 713 849 762 τούτων
865 717 999 774 νομοθέτης
1007 732 1053 773 μυ-

90 784 148 839 ρίαις
164 781 293 842 συνήλυθεν
309 784 422 843 γυναιξίν,
438 786 474 831 καί
488 803 522 831 υπ
544 801 611 830 ενιων
625 786 670 840 μὲν
687 786 763 841 σοφών
778 781 961 844 ευερηὲτηςπρὸς
973 803 1053 831 τεκνο-

89 857 182 908 ποιίαν,
197 856 268 901 ἐνίοτε
284 853 327 913 την
342 851 434 902 αυτουό
448 860 510 913 μῖξιν
525 850 820 912 ώνύρώποιςύωρούμενσς.
857 852 908 913 παρ’
925 856 959 907 οἷς
976 857 1000 903 dd
1016 857 1053 901 ἐπὶ

89 925 117 981 τη
133 922 207 985 χώριτι
222 923 335 982 ἠπίστατο
342 925 359 980 4,
376 921 532 984 ἀγνοούμενος
547 927 723 983 μετεμορφουτο
734 920 776 979 την
791 924 862 979 ἰιλὲαν,
878 930 915 970 ἴνα
932 925 992 983 μήτε
1008 922 1053 972 αύ-

89 990 231 1053 τσυςλυπη,
249 995 309 1054 μητε
324 1005 371 1047 τοῖς
386 992 427 1042 ὑπ’
442 993 516 1043 αυτσυ
531 1002 618 1042 τεθεῖσι
641 990 723 1052 κώμοις
744 991 907 1053 ώντιπροίττειν
922 997 984 1055 dorp}-
1021 997 1078 1042 datm

89 1058 132 1109 οὖν
148 1067 176 1125 τῇ
191 1068 311 1127 φιλοσοφία
327 1068 526 1129 προσανέχουσαν,
544 1066 616 1113 καλου
631 1066 686 1126 βίον
700 1064 767 1127 χοίριν
785 1073 908 1124 μιμεῖσθαι
924 1063 978 1116 τούς
994 1062 1051 1124 ὁμο-

89 1135 241 1192 λογουμένους
256 1139 397 1195 κρείττονας’
413 1132 444 1185 ὧν
459 1143 483 1184 αἱ
497 1140 571 1196 μίξεις
585 1138 665 1196 μυρίαι
681 1136 808 1195 γεγόνασιν.

145 1206 186 1249 ΧΗ.
201 1225 202 1228 ’
217 1208 263 1253 Καὶ
279 1204 338 1265 ύπὲρ
353 1211 395 1254 που
410 1208 443 1268 μη
458 1207 499 1255 τὸν
514 1209 599 1270 χρόνον
615 1209 795 1265 παραναλίσκειν
804 1203 884 1267 μώτην
894 1211 929 1261 εἰς
939 1204 980 1259 ταίς
992 1203 1053 1254 υπο-

90 1276 166 1327 ελείξεις
181 1276 222 1329 τοίς
238 1279 357 1333 πλείονας,
372 1275 411 1324 εἶπ’
427 1278 501 1327 αύτού
516 1277 641 1333 κου’Λιύς,
655 1281 698 1327 τού
720 1275 805 1336 πατρὸς
826 1280 888 1325 θεῶν
911 1279 988 1325 τεκαὶ
1010 1273 1052 1324 οἷν-

88 1344 199 1402 θρώπων,
215 1345 312 1407 ώρξομαι
327 1345 368 1400 τσίς
383 1349 447 1395 ἐνίων
459 1347 559 1407 μηνύειν
570 1350 699 1401 κοινωνίας
717 1352 796 1395 πασών
806 1345 850 1409 φώρ
866 1347 1078 1409 ύπομνηοθηναιιε

88 1412 124 1460 ded
140 1414 166 1462 τύ
186 1418 278 1476 πλῆθος
299 1415 424 1466 adhaereo.
460 1418 528 1466 σ’ίκουε
547 1421 626 1465 τοίνυν
646 1419 784 1467 adaptem}
804 1418 907 1477 μεγοίλου
929 1415 992 1473 Διὸς,
1016 1416 1052 1464 duo}

88 1483 130 1543 την
146 1489 190 1534 τών
205 1484 308 1546 οίνοηκων
322 1484 413 1547 οίνύρών
430 1489 581 1546 ζηλοτυπίαν,
600 1484 641 1539 eda
664 1488 700 1536 aaa*
722 1492 763 1549 της
784 1488 980 1546 μεταμορφώσεως
996 1489 1053 1535 λαν·
1104 1546 1105 1550 ¹

88 1556 205 1609 θανούσας
220 1559 347 1611 κοινωνίας.
384 1563 408 1604 ὲν
424 1557 519 1617 πρώτως
534 1558 577 1617 γαρ
595 1562 636 1618 της
656 1560 766 1619 διαφόρου
781 1560 861 1617 μίξεως
876 1558 919 1614 την
936 1557 1052 1605 ύπονοου-

87 1699 128 1742 tiae
143 1701 250 1745 solvantur
264 1701 332 1757 leges,
355 1701 455 1758 zelotypis
470 1702 586 1746 hominibus
601 1703 694 1760 positae,
717 1703 753 1758 qui
767 1706 837 1744 mente
860 1700 924 1755 capti,
948 1714 988 1745 neo
1009 1714 1051 1744 ιο-

87 1770 154 1815 lentes
171 1785 259 1827 aequum
278 1772 405 1828 intelligere,
426 1774 553 1828 insuperque
578 1779 598 1817 et
618 1774 685 1818 dictos
705 1774 809 1817 adulteros
833 1773 941 1828 suspicati,
965 1787 976 1815 a
996 1774 1077 1817 Joveao

86 1842 131 1896 ipso
147 1855 185 1896 per
200 1842 288 1884 Minoem
304 1848 325 1885 et
339 1842 515 1885 Rhadamanthum
527 1845 584 1899 juste
599 1844 712 1887 illuduntur
727 1845 772 1886 latis
788 1844 875 1898 legibus.
909 1843 961 1889 Nam
980 1843 1050 1888 Amo-

87 1926 131 1956 rem
148 1914 218 1957 animis
234 1914 367 1956 accedentem
383 1927 484 1958 coercere
500 1928 543 1958 non
558 1928 674 1970 possumus.
710 1915 783 1970 Neque
804 1915 858 1956 enim
873 1914 1002 1958 voluntarius
1019 1922 1051 1959 est

87 1984 196 2026 amantium
212 1984 303 2027 allectus.
334 1985 380 2039 lpse
395 1986 465 2041 itaque
479 1987 581 2042 luppiter,
602 1986 676 2029 harum
691 1986 840 2042 legumlator,
862 1986 975 2029 innumeris
996 1999 1050 2029 con-

87 2055 157 2098 cubuit
173 2069 219 2097 cum
233 2057 363 2109 mulieribns3
384 2058 504 2113 etquidem
523 2063 608 2112 propter
629 2058 729 2113 quosdam
746 2058 850 2111 sapientes
866 2056 923 2099 viros
941 2057 1049 2100 beneficus

86 2127 107 2168 in
129 2127 241 2169 liberorum
260 2128 407 2181 procreatione
427 2129 494 2172 lactus
517 2142 672 2184 nonnumquam
694 2141 831 2183 congressum
852 2140 913 2171 snum
932 2128 1076 2175 hominibusoo

88 2199 182 2255 donavit,
199 2199 252 2253 apud
269 2212 306 2241 eos
321 2213 386 2256 vero,
402 2202 437 2256 qui
452 2203 538 2256 gratiam
555 2214 598 2244 non
612 2201 762 2257 intelligebant,
782 2199 834 2241 clam
849 2199 940 2242 mutabat
955 2200 1050 2255 formam,

87 2275 109 2312 ut
124 2283 163 2313 nec
179 2271 224 2313 illos
241 2272 383 2327 contristaret,
406 2286 445 2315 nec
461 2286 472 2315 a
488 2285 511 2315 se
526 2273 599 2327 positis
619 2272 700 2327 legibus
719 2271 825 2314 videretur
845 2270 955 2326 derogare.
992 2272 1050 2320 Quae

88 2353 139 2396 ergo
154 2341 296 2396 philosophiae
311 2342 423 2399 incumbis,
448 2344 567 2397 praeclarae
587 2344 642 2385 vitae
663 2343 729 2398 gratia
749 2342 822 2383 imitari
838 2341 903 2385 debes
919 2355 957 2386 eos
973 2344 1008 2398 qui
1024 2355 1051 2385 ex

88 2411 185 2455 confesso
201 2413 271 2466 optimi
287 2418 345 2465 sunt;
361 2426 448 2467 quorum
464 2414 535 2455 infiniti
552 2415 675 2456 exstiterunt
690 2413 819 2456 concubitus.

145 2480 186 2524 Xll.
216 2482 240 2523 Et
256 2495 282 2523 ne
297 2488 377 2537 tempus
392 2483 468 2526 frustra
483 2484 599 2538 impendam
609 2484 634 2524 'in
656 2484 726 2537 pluras
742 2482 942 2540 demonstrationes,
963 2484 987 2525 ah
1004 2483 1076 2537 ipsoao

87 2552 150 2609 Jove,
167 2554 253 2595 deorum
269 2565 293 2594 ac
308 2553 413 2595 hominum
428 2559 524 2609 parente,
544 2554 638 2608 incipiam
655 2553 784 2608 quorundam
805 2553 897 2594 indicare
918 2554 1049 2608 complexus:

87 2630 174 2666 cunctos
190 2624 243 2665 enim
259 2636 385 2681 memorare,
402 2626 428 2667 ob
445 2625 592 2667 multitudinem
611 2625 736 2678 impossibile
752 2631 789 2667 est.
826 2625 881 2667 Audi
902 2637 955 2680 ergo
981 2624 1049 2679 magni

87 2694 150 2748 ipsius
165 2695 223 2738 lovis
240 2695 265 2736 oh
281 2696 402 2738 stolidorum
417 2697 522 2739 hominum
538 2697 661 2752 zelotypiam
677 2696 813 2738 clancularios
829 2709 867 2750 per
878 2696 1046 2739 transformatio-

88 2778 135 2807 nem
151 2766 223 2809 coitus.
253 2766 360 2819 Inprimis
376 2770 428 2810 enim
443 2769 513 2811 variae
529 2769 632 2811 mixtionis
642 2768 686 2812 sive
701 2768 808 2810 moechiae
823 2767 932 2810 subdolum
941 2771 1047 2822 peccatum

119 2878 137 2914 1.
167 2871 301 2929 ῥαόαμώνθοο
318 2876 339 2914 0.
580 2875 644 2928 φοῖιτο
660 2876 715 2923 κτλ,
732 2878 782 2925 quod
797 2876 927 2926 interpretatur
944 2875 1003 2923 „apud
1014 2886 1048 2912 eos

119 2939 137 2972 2.
167 2936 194 2973 lta
210 2935 224 2972 Ο
241 2947 257 2972 ο.
273 2935 294 2983 S,
311 2932 418 2976 παύσονται
434 2937 453 2974 C.
580 2947 631 2984 vero,
647 2947 695 2983 qnos
712 2937 772 2973 hocca
787 2936 896 2974 heneficium
911 2935 988 2971 moleste
999 2934 1048 2972 terro

119 2995 137 3032 3.
168 2988 554 3047 πρὸςτεκνσποιίανε’νοηύημίηναὐτοῦ
579 2995 639 3042 novit,
655 2995 731 3033 formam
749 2995 841 3033 mutavit(1
875 2993 894 3031 Gi
909 2993 977 3042 versio,
994 3005 1047 3042 qnam

88 3047 140 3103 μίξιν
155 3053 254 3101 legendum
270 3058 333 3090 censet
348 3054 370 3091 D·
580 3066 616 3102 ego
632 3054 711 3103 retinui,
727 3052 820 3092 ‘constare
836 3065 875 3090 cum
890 3053 964 3100 graecis
984 3053 1047 3091 vertis

119 3112 138 3148 4.
167 3112 194 3149 ltu
210 3112 224 3149 0
241 3125 257 3150 o.
273 3113 298 3159 S,
314 3107 408 3152 ἐπίστατο
419 3114 439 3153 G.
469 3112 554 3149 Ceterum
578 3113 627 3151 nullo
644 3115 700 3151 modo
717 3118 785 3163 potest.
817 3113 866 3156 Quae
882 3111 906 3148 sit
919 3112 957 3150 loci
970 3117 1047 3150 senlen-

89 3173 138 3206 totus
154 3170 206 3208 locus
223 3176 318 3220 corruptus
334 3176 368 3208 est,
399 3173 414 3209 l)
429 3185 469 3210 eum
479 3171 554 3209 sicvult
577 3173 611 3219 tia,
628 3178 705 3220 apparet
721 3185 743 3211 er
758 3184 809 3220 seqq.
825 3172 844 3208 S.

89 3228 167 3267 restitui:
187 3226 285 3281 ἠπίστατο
307 3226 438 3282 optantem,
461 3245 554 3284 μετεμορ-
