2276 3612
505 252 546 296 177
892 252 928 304 vn,
946 252 1008 293 ι-κ.

44 368 158 420 ἅπαντας,
173 368 210 412 καί
226 368 380 414 παντοιλαπσλν
397 363 480 418 αὐτούς
495 364 627 422 οἷπαλλιίξας
642 367 735 421 παθών,
750 365 869 424 ἐκκλησίαν
885 386 909 411 τε
925 383 1007 423 συστη-

44 439 159 495 οκίμενας,
175 439 211 483 καί
223 435 329 497 απὸ-τών
344 437 462 493 ἑπομένων
478 435 538 496 αὐτῷ
554 439 712 497 πρεσβυτέραν
728 441 856 487 ἐπίσκοπον
872 438 950 490 αὐτοῖς
965 457 1005 483 κα-

44 503 166 565 ταστήσας,
187 506 291 566 ὥρμησεν
306 511 337 557 εἰς
354 507 448 552 Σαλίνα.
485 504 535 553 ddi
552 509 629 565 Σίμων
645 503 731 564 μαθαίν
746 508 833 563 ἥκοντα
857 507 898 555 τόν
913 509 1005 565 Πέτρον

42 575 115 626 ειίθιίς
130 572 215 636 έπέιλρα
232 581 263 628 εἰς
278 575 384 633 Βηρυτὸν
399 576 467 633 μετ’1
482 576 617 629 Ἀππίανος
632 578 669 622 καί
685 578 729 624 τών
745 576 817 625 αὑτοῦ
832 580 936 638 ἑταίρων,

98 646 129 690 vl.
165 649 213 693 Τοῦ
230 649 254 693 dd
270 647 359 704 Πέτρου
380 644 491 698 εἰσιόντος
511 651 543 697 εἰς
564 645 605 706 την
627 646 728 702 artatae,
748 648 896 701 πολλστίςέν
914 651 1018 702 ulivetas

42 718 147 776 φέροντες
165 714 208 775 πρέ
224 713 298 764 αὐτου
313 718 426 763 ἐτίθεσαν.
460 714 511 762 ὅδὲ
527 713 584 774 πρὸς
599 713 684 765 αὐτούς
699 721 754 776 έηη·
775 717 808 777 μη
831 724 910 770 τοίνυν
930 721 1003 778 νομί-

39 805 90 842 σητε
105 789 146 844 ἐμέ
160 806 182 833 τι
195 788 312 833 δύνασθαι
328 783 384 845 πρὸς
400 785 513 846 ὑμετέραν
529 789 599 840 ἴασιν,
615 783 685 842 dadae
702 787 792 846 θνητὸν
808 792 844 836 καὶ
861 789 933 838 αὐτὸν
943 794 1000 836 πολ-

39 860 82 906 λοῖς
98 852 199 903 ποίθεσιν
215 854 340 904 ὑποπεσεῖν
355 856 496 916 δυνάμενον·
513 855 651 915 ὑφηγεῖσθαι
667 857 690 901 dd
706 854 760 913 ὑμῖν
774 857 815 904 τὸν
831 863 916 918 τρόπον
931 858 958 907 ‹b‘
971 855 1001 907 οὗ

38 927 140 983 σωθῆναι
157 924 281 992 δυνήσεσθε
296 925 324 973 οὐ
340 931 432 984 φθονοῖ,
456 929 491 974 καλ
506 924 576 978 αὐτὸς
592 924 654 985 παροί
670 928 711 971 τοὺ
727 928 766 982 τῆς
782 925 892 984 σίληθιίας
908 931 1000 989 προφη-

37 1013 77 1041 ooo
91 994 176 1052 μαθών
192 993 245 1047 τούς
260 999 443 1056 προαρισμέυσκς
456 1000 498 1044 τοῦ
511 999 571 1044 (deod
587 994 630 1055 πρέ
646 999 775 1055 καταβολῆς
786 994 1021 1057 κόσμσυὸρισμιοιίς,1ο

36 1067 90 1123 λέγω
105 1067 128 1111 dt
144 1069 181 1113 ἐπὶ
198 1068 275 1118 ποίαις
290 1079 367 1119 κακαῖς
382 1069 476 1126 πράξεσι
492 1065 547 1118 aeds
570 1065 709 1125 α’νθριιίπσας
732 1072 811 1121 ἔταξεν
833 1064 880 1131 ilud
899 1072 942 1114 τοῦ
958 1074 997 1128 της

36 1137 114 1186 κακίας
129 1135 243 1195 ἡγεμόνος
258 1140 398 1190 κακοῦσθαι,
413 1134 495 1196 ὁμοίοις
511 1138 551 1183 db²
565 1140 601 1184 έπί
617 1138 696 1189 ποίαις
707 1136 924 1195 οἷγαθαῖςζπροίξεσιν
933 1138 997 1196 ὥρισε

36 1200 146 1262 πρότερον
162 1205 330 1256 πιστεύσαντας
346 1206 404 1265 αὐτῷ
417 1210 503 1267 ἰωμένῳ
519 1204 546 1252 τοί
564 1205 657 1266 σώματα
675 1207 799 1262 σώζεσθαι,
815 1212 894 1255 ἔπειτα
910 1212 946 1256 καὶ
956 1207 997 1263 τας

36 1275 109 1335 ψυχας
124 1279 319 1334 ἐπανορθσασθαι
335 1274 391 1333 πρὸς
406 1273 431 1321 τὸ
447 1274 584 1334 ἀνώλεθρον.

93 1346 133 1389 Vll.
168 1345 259 1396 Tadeos
273 1348 351 1392 τοίνυν
366 1345 407 1395 cois
421 1364 445 1391 ce
461 1343 553 1404 οίγαθοίς
568 1348 604 1393 καὶ
619 1343 690 1397 κακοίς
711 1348 802 1407 προέξεις
818 1346 883 1402 aldeis
902 1362 1019 1408 πρσμη-λσ

34 1414 79 1460 νέω
94 1413 153 1471 ὑμῖν
166 1415 212 1466 ὠςό
230 1412 296 1465 &alode
314 1415 367 1469 (lde,
387 1413 542 1461 duodenariae
562 1414 598 1462 dcol
614 1418 682 1466 ποίας
698 1421 742 1473 μέν
766 1418 996 1476 βαιλίζοντοςίλπέλ-

34 1487 125 1540 λκνται,
141 1486 227 1532 notavi
242 1486 264 1530 dd
281 1482 398 1535 ὁιλειλοντες
413 1481 583 1540 οίποσιιλζονται,
601 1488 649 1545 Θεῷ
665 1483 827 1544 ὁιληγσιίμενοι.
861 1487 876 1548 η
891 1494 935 1548 μέν
951 1488 995 1537 οὖν

33 1557 76 1600 τών
92 1553 255 1614 σίπολλυμένων
270 1551 320 1606 oddo
337 1557 430 1600 πλατεῖα
449 1559 493 1611 μὲν
509 1557 545 1600 καί
569 1555 718 1613 ὁμαλωτιίτη,
734 1555 881 1606 οίπολλιίουσα
899 1562 922 1606 dd
940 1560 994 1608 clueo

33 1624 165 1679 κοσκίνου,
180 1622 194 1682 η
210 1626 439 1681 traducebamus
455 1627 522 1681 στενη
538 1628 582 1682 μέν
599 1626 636 1670 καὶ
653 1636 757 1684 τραχεῖα,
778 1626 878 1683 σώζουσα
898 1631 922 1675 dt
937 1632 994 1688 πρὸς

31 1697 60 1755 τῷ
76 1698 134 1743 τέλει
148 1691 201 1746 τούς
218 1696 413 1752 έιαποριυθέντας
428 1687 549 1745 ιἐπιπόνως.
585 1695 674 1741 τούτων
697 1697 720 1742 di
736 1698 781 1743 τῶν
801 1693 842 1744 ddo
860 1697 916 1746 itote
936 1697 1017 1758 προ-κο

31 1843 71 1893 set,
87 1843 107 1880 et
122 1837 251 1880 liberavisset
267 1837 382 1893 omnigenis
397 1837 479 1892 morbis,
496 1848 520 1878 ac
535 1837 655 1879 instituisset
669 1837 794 1896 Ecclesiam,
811 1845 873 1895 atque
889 1854 915 1883 ex
927 1841 991 1883 Pres-

30 1909 117 1964 byteris,
135 1910 169 1964 qui
185 1922 231 1951 eum
247 1911 396 1964 sequebantur,
417 1909 466 1963 ipsis
478 1909 601 1962 Episcopum
617 1910 768 1966 constituisset,
791 1911 888 1954 Sidonem
908 1913 991 1967 appulit.

28 1981 55 2024 nt
71 1982 149 2038 Simon,
165 1981 250 2024 audiens
266 1982 321 2036 quod
338 1982 458 2023 adventaret
473 1981 556 2035 Petrus,
572 1980 680 2023 confestim
696 1981 720 2023 ad
735 1981 832 2037 Berytuni
849 1984 927 2038 aufugit
942 1996 989 2025 curii

27 2051 122 2107 Appione
138 2058 158 2095 et
171 2054 238 2095 sociis.
589 2061 591 2066 '

84 2122 116 2165 VI.
147 2123 241 2166 Ceterum
257 2135 303 2164 cum
318 2123 390 2165 Petrus
405 2121 502 2165 Sidonem
516 2122 624 2177 ingressus
641 2128 702 2178 esset,
718 2123 793 2165 multos
808 2123 828 2164 in
843 2123 901 2167 lectis
917 2123 1012 2166 allatosaa

27 2206 96 2237 coram
111 2194 156 2248 ipso
171 2199 292 2249 posuerunt.
321 2194 356 2236 lile
374 2198 442 2236 autem
459 2193 508 2235 dixit
524 2193 549 2234 ad
566 2206 614 2236 eos:
634 2206 661 2235 ne
676 2206 728 2236 vero
746 2193 876 2250 existimetis,
898 2208 932 2236 me
948 2195 986 2236 ali-

27 2266 74 2320 quid
88 2278 152 2320 posse
167 2267 192 2308 ad
208 2266 335 2308 curationem
350 2254 452 2320 restrum,
469 2265 502 2318 qui
518 2265 555 2306 sini
570 2266 614 2319 ipse
630 2276 715 2319 quoque
730 2264 792 2306 homo
809 2265 908 2321 mortalis,
932 2267 986 2308 etin

26 2336 87 2378 multa
102 2328 179 2391 possim
194 2337 286 2378 incidere
302 2336 399 2379 adversa:
420 2335 497 2378 decere
513 2340 580 2376 autem
595 2347 634 2378 vos
650 2335 734 2377 modum
750 2348 790 2389 quo
807 2336 857 2378 salvi
873 2348 920 2378 esse
935 2348 987 2390 pos-

26 2407 78 2463 sitis,
94 2420 135 2449 non
152 2408 265 2463 gravabor,
282 2407 316 2462 qni
331 2407 375 2460 ipse
391 2406 451 2447 ctiam
464 2419 478 2466 a
495 2406 586 2448 veritatis
601 2405 704 2459 Propheta
720 2406 780 2447 didici
795 2406 900 2460 praefixos
914 2420 925 2448 a
941 2407 985 2449 Deo

26 2483 72 2520 anie
87 2479 157 2520 mundi
173 2478 339 2520 constitutionem
354 2477 466 2532 terminos,
482 2477 503 2517 in
519 2476 624 2531 qualibus,
640 2477 733 2532 inquam,
756 2477 813 2520 malis
829 2477 926 2530 operibns
940 2478 984 2519 dis·
991 2483 1010 2518 30

24 2550 116 2602 posuerit
132 2555 153 2591 ut
168 2549 262 2590 homines
278 2560 289 2590 a
303 2548 391 2589 malitiae
407 2547 459 2588 duce
477 2547 605 2602 affligantur,
621 2547 659 2589 sed
675 2548 766 2590 similiter
781 2548 802 2589 in
818 2549 911 2602 qualibus
924 2548 983 2589 bonis

24 2621 120 2674 operibns
137 2619 254 2669 decreverit
268 2625 301 2674 ut,
324 2619 394 2673 quiin
418 2631 464 2660 eum
479 2617 536 2660 velut
550 2618 652 2660 medicum
668 2617 803 2675 crediderint,
823 2619 879 2672 prins
895 2631 984 2673 corpore

24 2696 129 2746 curentur,
146 2690 220 2732 deinde
237 2694 257 2730 et
273 2691 339 2731 anima
354 2691 494 2732 instaurentur
510 2689 535 2731 ad
550 2689 644 2732 salutem.

79 2761 119 2803 Vll.
149 2760 190 2803 Has
208 2773 259 2815 ergo
276 2773 407 2817 cognoscens
423 2762 489 2804 bonas
506 2767 526 2803 et
541 2762 602 2803 malas
616 2761 708 2802 actiones
717 2760 841 2813 praenuntio
852 2762 912 2805 vobis
924 2761 981 2815 <quasi

22 2832 72 2876 duas
88 2831 199 2874 osteudens
215 2832 269 2887 vias,
289 2845 327 2886 per
348 2845 408 2887 qnam
431 2832 512 2887 quidem
534 2832 651 2886 gradientes
665 2836 762 2885 pereant,
786 2844 823 2885 per
846 2845 905 2886 qnam
928 2834 1004 2872 veroli

20 2902 140 2945 incedentes
156 2903 272 2957 salventur,
290 2903 345 2945 ducti
361 2917 372 2945 a
387 2904 438 2946 Deo.
472 2904 509 2945 Via
524 2903 586 2957 igitur
601 2894 732 2956 pereuntium
751 2903 791 2944 lata
813 2908 844 2944 est
865 2909 884 2944 et
899 2902 978 2956 planis-

20 2973 80 3028 sima,
96 2973 204 3028 perditque
220 2973 298 3027 absque
313 2974 397 3029 labore,
414 2980 434 3016 at
449 2974 481 3016 via
497 2977 627 3016 servatorum
644 2978 731 3027 angusta
748 2978 779 3014 est
795 2978 815 3014 et
829 2985 910 3026 aspera,
933 2977 979 3013 tan-

20 3043 108 3099 demque
123 3044 162 3086 iter
177 3044 276 3088 facientes
292 3050 362 3086 servat
377 3058 423 3086 cum
438 3045 510 3087 labore
525 3043 595 3086 multo.
627 3043 723 3086 Ceterum
734 3045 765 3088 liis
776 3045 853 3087 duabus
865 3044 902 3085 viis
913 3057 978 3098 prae-

50 3196 67 3233 l.
98 3190 148 3246 μειιί
165 3196 186 3235 0.
216 3196 265 3234 ldem
281 3192 440 3235 deindedavsod.
540 3197 558 3231 3.
588 3194 636 3231 Vbb.
652 3189 697 3243 ὑμῖν
714 3191 740 3238 ὡς
756 3193 783 3231 bis
799 3193 884 3240 leguntur
900 3191 917 3229 in
934 3193 955 3230 0.

48 3258 68 3293 2.
98 3256 154 3294 τεῦ.
539 3256 558 3292 d.
589 3250 675 3305 ποίηῦ.

728 3325 754 3368 la
