2276 3612
120 214 160 267 XX,
172 216 210 258 σε.
491 195 494 201 ⁴
584 213 626 260 tto

122 326 207 378 λονσαν
222 329 319 389 onopypr
331 332 370 375 καὶ
385 339 458 389 χεῖρας
477 335 556 380 θέλειν
576 337 693 393 ἐπιβαλεῖν
714 333 742 394 σῷ
763 326 857 388 Φαύστῳ
878 331 907 383 οἷς
922 335 1019 392 Σίμωνι.
1054 329 1087 379 διδ

121 401 203 461 μήπως
219 399 330 459 σῖναιρεθῄ
347 398 474 455 δεδοικὸσα,
495 406 588 462 ἐξαννῇς
604 410 679 452 ἐλθεῖν
695 405 821 461 πέμψανῗα
838 399 919 455 tigando
932 402 973 450 κᾶν
990 407 1087 463 Πέτρον,

122 472 182 524 ὅπως
199 470 268 519 αὐτὸν
286 473 357 528 ζώνιον
372 470 548 535 ἐπικαιαλιλβῃ,
563 478 598 522 καλ
615 479 642 535 κῇ
658 473 721 522 πόλει
737 471 872 531 α’κμαζούσῃ
892 470 957 533 πόθῳ
978 477 1008 533 ep]
1032 470 1087 532 πρὸς

123 541 193 590 αὐτὸν
210 541 315 599 εὐκαίρως
331 543 440 602 ἐπιφανῇ.
476 546 564 604 Πέτρος
580 548 603 593 δὲ
619 550 691 592 ναῦν-α
709 539 806 593 duodeno
816 540 879 600 πρὸς
895 540 920 588 πὸ
935 543 1085 602 ἐκκλησιάζειν

107 615 240 663 ὃπλόἶῦτῡνς
252 607 383 671 nnroyoyoin
399 614 436 658 nol
447 614 573 662 ἐπίσκοπον
590 623 612 663 ἐκ
628 620 672 662 τών
687 612 818 663 ολιολσδιλαν
834 610 982 671 antecedente,
998 617 1085 673 βαπτί-

121 702 160 734 σας
177 686 213 729 καὶ
230 681 353 740 ἰασάμενος
368 682 459 740 ἡμερῶν
475 687 595 740 ἐπιμείνας
611 688 676 744 κριῶν
693 690 721 745 νῇ
735 686 858 744 Λαοδικείᾳ
875 686 909 731 ἐπὶ
931 681 974 742 epa
988 686 1084 743 πλησίον

120 752 245 811 ὁρμήσειν1
259 749 407 813 Ἀντιόχειαν
423 752 541 801 ἔσπευσεν,

119 897 172 939 adeo
189 910 260 940 manus
275 898 360 952 injicere
376 898 436 940 velle.
474 898 588 952 Propterea
604 912 651 941 eum
666 902 779 956 timentem,
802 912 829 941 ne
849 899 996 953 perimeretur,
1016 899 1082 941 statim

119 969 210 1024 misisse,
226 970 261 1023 qui
276 969 357 1010 Petrum
373 973 469 1024 rogaret,
485 969 548 1010 ulad
565 981 612 1011 enm
626 968 744 1025 festinaret,
773 970 790 1013 si
805 970 873 1012 vivum
891 969 959 1025 vellet,
982 970 1083 1011 clamori

93 1040 206 1082 rocivitatis
221 1031 396 1094 superabundanti
413 1044 532 1094 opportune
548 1046 662 1094 appareret.
699 1040 777 1097 Quibus
797 1040 885 1094 cognitis
900 1040 971 1082 Petrus
987 1039 1011 1080 ad
1028 1038 1081 1081 deli-

118 1110 232 1152 berandum
247 1111 268 1152 in
284 1111 386 1153 concione
402 1111 551 1153 multitudinem
568 1114 643 1167 coegit,
660 1116 685 1166 el,
703 1111 806 1165 Episcopo
825 1124 851 1153 ex
863 1111 969 1153 comitibus
981 1111 1080 1168 ordinato,

117 1187 226 1236 postquam
242 1194 279 1236 per
299 1186 341 1223 tres
362 1182 406 1225 dies
425 1181 541 1224 Laodiceae
560 1182 700 1236 baptizaverat
721 1187 783 1236 atque
804 1187 926 1238 sanaverat,
948 1182 973 1224 ad
996 1183 1081 1224 vicinam

116 1252 244 1294 Antiochiam
259 1265 349 1307 pergere
364 1253 489 1308 properavit.

147 1375 164 1410 l.
194 1373 282 1411 Fortasse
302 1372 401 1420 legendum
418 1366 512 1422 ὁρμῆσαι.
544 1371 587 1408 Post
612 1380 699 1406 nuensem
716 1381 762 1419 opus
780 1382 830 1408 sunm
847 1371 940 1419 putavisse
957 1370 1029 1409 omnino
1045 1371 1080 1408 ab·

116 1429 210 1470 δοπεοσεν
232 1431 250 1468 in
274 1432 320 1470 cod.
340 1431 354 1469 0
378 1436 447 1480 puncto
469 1429 587 1478 distinguitur
612 1429 696 1475 solutum,
713 1429 794 1477 quamvis
808 1430 927 1469 retnsRulmi
943 1431 1003 1467 versio
1017 1430 1078 1466 Reco-

117 1490 251 1539 appondurque
266 1484 324 1541 ἀμήν,
355 1490 395 1534 Quo
405 1489 522 1537 intelligitur,
538 1500 588 1525 ama-
614 1488 715 1535 gnitionum
732 1489 835 1525 enarrando
853 1489 927 1526 ulterius
943 1487 1077 1536 progrediatur
