2276 3612
114 244 144 293 Xl,
160 246 193 284 15.
212 250 245 287 16,
296 249 316 265 ”
575 246 622 294 240>

111 354 145 415 μη
161 362 241 420 ἔχοντα
257 361 333 417 ἑκίρσα
348 358 430 411 οίδίκως
446 358 589 418 ἀφελόμενον
609 365 753 422 κορεσθηναιι
788 358 850 424 παροί
871 362 894 407 δὲ
914 373 961 415 κοῖς
981 366 1076 422 λεγσμὲἑ

78 427 80 430 ’
111 445 162 481 νοις
183 436 245 480 θεοῖς
265 428 293 474 πολ
313 431 406 477 ἐναντία
422 430 517 488 γίνεται.
549 435 586 480 καί
604 438 654 480 ἔνια
670 437 701 484 εἰς
716 429 856 488 κατάπληξιν
871 429 1013 492 δικαιοσύνης
1030 452 1076 479 πα-

112 500 242 555 ραγγὲλλεκε
252 499 283 553 1,-
297 496 355 584 οἷπερ
375 504 395 545 εἰ
415 502 451 546 καί
471 502 548 549 ποίνκα
570 515 654 550 ποιεῑκε
671 503 697 550 καί
715 503 905 560 παραγγέλματα,
929 502 973 558 μία
989 499 1004 560 ἦ
1021 505 1076 562 πρός

114 566 204 613 Θεὸν
190 587 271 627 αηνσια
287 568 355 654 ἱηανη
369 589 476 653 ανηχανει
492 570 548 631 πρός
564 592 605 630 την
622 571 676 619 καθ’
691 571 757 631 opida
771 573 890 628 τιμωρίαν
920 570 982 628 πλην
997 592 1076 630 σανερ-

86 653 96 685 5
112 634 204 721 χόμενρι
219 643 251 689 εἰς
264 638 320 690 νοός
335 637 375 697 ὑφ’
390 660 416 697 op
418 644 458 687 ιαίν
474 644 554 696 αὐτοῖς
570 645 683 695 δοθέντας
698 643 782 693 κόπονς
797 642 865 696 ηδὲως
880 642 1029 698 μεθύσκεσθε
1040 646 1075 688 καί

111 711 154 765 βωλ
154 708 205 760 rode
220 706 349 765 δνδπτετε,
369 705 400 756 ὧν
415 710 429 795 η
444 716 526 761 κνίσσα
543 716 647 798 peptfiop'
629 733 676 771 ιενη
692 716 727 759 καί
743 732 771 758 αα
766 710 859 795 πηφλσί
876 715 910 759 καί
927 713 989 769 κωφοί
1006 731 1077 758 πνεν-

111 797 173 834 μακα
190 777 226 825 διαί
242 785 282 837 της
296 783 397 834 ἐξονσίας
413 780 462 840 ιίηει
479 790 517 838 εἰς
526 785 567 830 κόν
582 787 622 842 της
638 782 763 841 όσφρνλσεως
778 781 854 829 αιίκών
871 782 951 828 κόπον.
982 785 1018 829 καί
1035 783 1076 828 od

111 866 153 898 κως
168 851 212 895 τῶν
236 855 281 896 ἐκεῖ
298 855 320 896 οἱ
342 856 387 910 μὲν
412 858 586 914 ἐνθουσιασμόν
595 857 613 910 ²,
644 859 664 900 οἱ
684 856 706 900 δὲ
726 855 816 913 βρωτῶν
838 850 965 898 αίλλσκόκων
989 855 1074 912 ἐμπίμ-

110 923 220 976 πλανκαι,
236 927 257 967 οἱ
272 924 295 968 δε
311 925 349 969 ἐπὶ
365 921 391 969 πό
407 921 550 983 σίσεληαίνειν
565 927 697 983 τρέπονται,
712 930 734 970 οἱ
749 927 771 970 δὲ
786 926 823 970 ε’πί
839 923 925 973 κλοπαίς
939 925 975 969 καί
985 923 1075 981 φόνσας.

84 986 124 1045 lod
145 988 190 1047 ναίρ
213 995 254 1037 ασελ
268 997 312 1039 ἐκεῖ
325 1000 426 1051 αἵματος
441 995 601 1053 αίναθνμίασις
616 997 653 1040 καί
669 993 683 1052 ιλ
697 998 741 1040 κων
757 998 824 1042 οἴνων
841 991 928 1049 σπονδὴ
943 996 979 1038 καί
997 991 1055 1039 attat
1065 996 1082 1025 5⁴

110 1071 169 1119 κορεῑ
183 1058 211 1106 καί
228 1059 350 1122 σίκαίδαραα
367 1062 502 1122 πνεύματα,
525 1063 540 1111 σί
555 1083 606 1111 κινα
622 1065 812 1125 ε’νδομαχσννααλ
826 1068 858 1113 εἰς
873 1060 933 1127 όμας
950 1060 1075 1120 φιληδόνοις

109 1133 168 1190 ἔχειν
184 1132 212 1178 καί
227 1138 272 1178 ἐκεῖ
286 1135 405 1189 ποιοιλσιν,
429 1138 465 1181 καί
480 1137 502 1180 δί
518 1135 609 1192 ὀνείρων
626 1133 688 1191 ὑμεῖς
704 1137 840 1191 φαντασίαις
856 1134 947 1185 obaudiat
964 1134 1074 1192 περιβόλ-

109 1204 199 1254 λοασιν,
220 1204 255 1248 καὶ
275 1204 366 1259 μνρίσις
381 1205 506 1263 παθήμασι
522 1208 666 1264 νιμωροιίσιν.
701 1203 811 1263 προφάσει
826 1201 870 1262 ηοίρ
886 1207 930 1250 κων
946 1206 1074 1262 λεγομένων

108 1271 236 1354 ἱεροθύτων
252 1274 357 1333 χαλεπῶν
376 1275 492 1358 δαιμόνων
506 1278 665 1334 ἐρειπίπλασθε,
686 1279 709 1320 οἳ
723 1277 759 1321 καί
777 1277 890 1332 φρονίμως
905 1272 967 1328 ιίμᾶς
983 1272 1075 1320 lotat-

83 1356 187 1391 ςενσνκες
203 1340 343 1401 σίναιρονσιν,
359 1351 397 1390 ἵνα
412 1364 450 1428 μη
460 1349 542 1428 σηνηκε
556 1345 663 1403 upa-cap
636 1343 679 1402 κήν
693 1343 826 1404 ἐπιβονλην
856 1343 969 1403 προφάσει
984 1341 1027 1402 γάρ
1040 1362 1074 1389 κι-

56 1466 57 1470 ¹
108 1427 148 1459 νος
168 1413 274 1469 επηρείας
296 1412 311 1471 ἢ
334 1420 413 1470 ὲρακος
432 1412 450 1499 ἢ
472 1414 539 1476 όρηης
558 1436 571 1502 η
563 1413 691 1499 ληπης
677 1435 690 1473 η
707 1414 790 1498 ἀγχόνη
783 1433 819 1472 pp
816 1412 902 1461 didace
924 1411 1074 1467 πνιξανεεςνλ

109 1477 154 1525 α’πό
174 1485 278 1540 κρημνοῦ
300 1486 410 1545 ῥίψαντες
426 1504 440 1541 η
457 1484 615 1549 ακίκσχειριάη
607 1483 788 1546 λοίποπληξίφ
774 1503 788 1542 η
803 1486 867 1545 εκὲρφ
882 1486 926 1531 τινί
943 1481 1016 1530 πείθει
1032 1485 1073 1529 κού

108 1568 152 1609 πην
165 1556 314 1607 μεθισιασιν
358 1583 360 1586 >

129 1628 131 1630 ’
166 1623 217 1667 XVI.
248 1622 331 1680 Ἡμαλν
347 1626 371 1670 δὲ
392 1622 466 1676 οιίδείς
482 1622 588 1672 νοισύκόν
612 1644 633 1671 αι
650 1629 735 1672 παθεῖν
751 1624 861 1677 δύναται,
883 1619 930 1669 dtt’
947 1619 1010 1670 αὐτοὶ
1033 1621 1072 1679 ν’φί

82 1689 173 1748 κθιίμών
188 1691 334 1747 κολιίζσνκαι,
356 1692 443 1740 όπόκαν
460 1700 497 1746 εἴς’
506 1715 558 1742 τινα
580 1695 687 1747 εἰσιόντες
702 1697 801 1753 βραδέως
823 1696 903 1747 ἐξιέναι
918 1692 982 1752 ημας
998 1702 1074 1752 παρα-

108 1821 192 1863 alterius
208 1822 266 1869 bonis
282 1824 357 1879 injuste
373 1825 444 1867 ablatis
460 1827 543 1880 expleri.
574 1825 634 1881 Apud
651 1830 737 1867 vocatos
753 1830 821 1867 autem
830 1824 886 1867 Deos
902 1826 1005 1868 contraria
1022 1838 1072 1880 per-

107 1899 203 1949 aguntur.
241 1896 266 1937 Et
281 1896 379 1938 nonnulla
395 1897 414 1937 in
430 1897 587 1940 admirationem
601 1897 692 1952 Juslitiae
709 1896 846 1951 denuntiatis,
868 1909 922 1950 quae
941 1896 988 1938 licet
1004 1898 1071 1938 omnia

106 1972 218 2021 praecepta
240 1967 417 2024 exsequeremini,
440 1981 481 2011 una
504 1969 543 2011 Dei
564 1969 668 2023 ignoratio
691 1968 765 2010 suffieit
785 1967 810 2008 ad
831 1967 957 2021 punitionem
973 1973 1071 2010 vestram.

106 2036 217 2079 Caeterum
239 2040 388 2081 convenientes
408 2040 434 2081 ad
453 2041 499 2083 loca
521 2046 579 2096 quae
595 2052 633 2082 vos
656 2041 680 2082 iis
696 2041 810 2095 assignatis,
826 2039 922 2081 alacriter
937 2039 1070 2095 inebriamini,

80 2114 126 2151 atet
144 2121 190 2150 aras
207 2110 330 2166 accenditis,
353 2123 440 2165 quarum
454 2112 515 2154 nidor
530 2117 618 2166 vagatus
635 2123 709 2153 caecos
725 2111 842 2164 surdosque
858 2111 940 2163 spiritus
956 2110 976 2151 vi
993 2123 1029 2152 sua
1045 2111 1070 2152 ad

105 2179 204 2221 odoratus
220 2180 288 2221 locum
304 2181 364 2222 ducit.
395 2180 469 2234 Sicque
485 2182 512 2222 ibi
528 2182 560 2222 alii
576 2181 668 2223 fanaticis
682 2180 793 2236 furoribus,
810 2180 842 2220 alii
860 2180 954 2222 absurdis
970 2181 1020 2223 cibis
1032 2194 1070 2236 re-

105 2250 198 2306 plentur,
219 2242 244 2292 ad
265 2250 368 2292 libidinem
388 2256 497 2293 vertuntur
517 2252 555 2308 alii,
580 2251 604 2292 ad
620 2250 673 2292 furta
690 2250 722 2291 alii
738 2256 758 2292 et
774 2250 878 2292 adultera,
909 2250 960 2291 Nam
976 2250 1015 2293 lusi
1031 2252 1071 2292 illio

106 2322 213 2375 sanguinis
234 2334 300 2376 vapor
322 2327 341 2363 et
356 2322 397 2374 vini
412 2321 481 2364 libatio
499 2323 558 2365 etiam
572 2323 631 2365 satiat
645 2323 736 2376 impuros
753 2322 840 2377 spiritus,
861 2321 895 2375 qui
911 2322 963 2363 intra
978 2334 1015 2364 vos
1032 2334 1071 2363 oc-

107 2393 177 2434 cultati
200 2394 266 2434 omma
288 2392 340 2433 baec
356 2392 445 2434 reddunt
461 2385 542 2449 suabia,
557 2399 622 2447 vatque
638 2405 675 2446 per
691 2393 770 2435 somnia
785 2405 823 2434 vos
838 2392 894 2433 salsis
910 2393 996 2445 spectris
1013 2394 1069 2434 irre-

79 2466 169 2519 totiunt,
187 2464 327 2517 inumerisque
348 2464 518 2517 perpessionibus
534 2465 625 2519 puniunt.
656 2463 706 2504 Nam
723 2464 834 2505 occasione
850 2475 966 2518 sacrarum,
991 2469 1013 2505 ut
1028 2476 1069 2505 vc-

105 2539 158 2589 eant,
174 2533 286 2576 hostiarum
301 2534 373 2587 repleti
389 2535 438 2576 estis
453 2535 574 2577 truculentis
591 2534 733 2589 daemonibus,
749 2534 784 2587 qui
800 2538 859 2575 caute
875 2546 913 2576 vos
929 2535 1004 2577 inscios
1016 2548 1068 2588 per-

104 2606 180 2659 imunt,
204 2609 226 2645 ut
245 2616 287 2645 non
303 2604 394 2656 sentiatis
410 2604 475 2648 lactas
490 2606 580 2647 insidias.
611 2604 838 2659 Praetentusiquidem
854 2605 965 2659 cujuspiam
981 2607 1068 2661 injuriae

104 2676 138 2718 vel
154 2675 284 2755 calamitatis,
301 2675 383 2731 auroris,
399 2675 452 2732 irae,
468 2677 593 2730 moestitiae,
610 2682 644 2717 aut
660 2676 735 2729 laqueo
753 2681 786 2717 ant
802 2688 854 2730 aqua
870 2675 978 2733 sullocant,
995 2678 1067 2719 eloco
1084 2712 1086 2715 .
1136 2694 1137 2698 ¹

103 2746 211 2801 praecipiti
205 2745 332 2801 idejiciunt,
347 2746 456 2789 homicidio
473 2748 510 2803 sni,
526 2751 561 2788 aut
577 2746 690 2802 apoplexia,
714 2751 749 2788 aut
763 2746 801 2789 alio
818 2748 891 2790 morbo
908 2761 920 2790 e
935 2749 975 2791 vita
990 2753 1069 2804 cogunt

78 2819 130 2861 tami
146 2831 201 2860 rare

132 2831 145 2873 g
161 2888 212 2931 XVI.
242 2887 274 2929 Ex
294 2886 352 2928 nobis
368 2892 402 2929 aut
404 2901 435 2929 ern
454 2889 521 2930 nullus
537 2888 577 2929 tale
594 2887 641 2941 quid
658 2859 724 2941 potest
738 2889 784 2944 pati,
799 2890 836 2932 sed
852 2902 863 2931 a
879 2890 938 2931 nobis
954 2890 1067 2932 daemones

103 2964 237 3016 torquentur,
254 2957 440 3013 quandoquir'lem
435 2971 455 3001 m
471 2959 580 3014 aliquem
574 2958 674 3012 ingrcssi,
689 2961 711 2998 ut
724 2960 801 3004 tardius
817 2960 972 3018 ergrediantur,
992 2966 1068 3017 rogant

133 3119 151 3155 1
180 3112 380 3168 παραγηόλλεααιθ
600 3115 700 3165 saginas

131 3179 150 3213 2.
181 3172 363 3243 ἐνθρνσιασμῴῡ,
389 3169 574 3225 εἰθονσιασμσνλλ.
628 3180 647 3215 4.
678 3172 869 3231 ἐνδομσχιοῦνκαῡ

132 3235 151 3271 3.
181 3230 230 3286 adalp
241 3235 260 3274 C.
268 3234 375 3273 lectionem
386 3232 503 3273 Ottobonlani
490 3245 574 3282 r-prae
