2276 3612
111 226 141 280 lv,
157 229 236 273 8-10.
571 231 613 276 124

111 346 134 392 dh
149 345 281 408 ἐάυάσεβὴ-
292 343 399 408 τυχχάνχ.
429 348 541 409 ἐνδέχεται
556 349 600 408 γάρ
614 366 667 396 τινα
682 344 772 408 κακρύς,
781 343 1069 411 οἷοεβούςὸνταςεύσεβεῑν

109 416 266 477 βουλόμενον,
280 419 310 477 τῷ
324 415 357 476 μή
371 418 420 465 τού
429 415 515 476 πατρὸς
524 415 663 468 αἲκολουθεῖν
678 417 812 481 σεβάσματα
823 420 839 463 ²·
869 422 905 467 καὶ
920 420 933 467 ὁ
948 418 1068 482 μὲν»Ἀιι-

111 489 171 535 πίων
185 489 331 545 deceptuose·
356 489 379 535 τί
394 483 449 545 οὖν,Ι
471 486 512 535 τὸν
535 486 576 537 σύν
596 492 757 551 κατέραέφχς
771 493 841 537 κακοῦ
863 492 918 550 βίον
935 493 1068 553 γεγονέναι,-

111 554 170 618 κάχά
184 564 253 617 ἔφην·
268 560 339 606 κακού
353 562 398 616 μὲν
414 555 455 604 ούκ
465 554 499 618 ἦν,
507 561 574 618 βίου,
590 562 689 620 κακύςθὲ
705 560 843 621 ὑπολήψεως.
872 562 909 614 καλ
923 559 937 608 ὁ
951 560 1068 608 Ἀττικίων.

83 637 94 670 o
113 631 147 679 τίς
161 624 189 686 ἦν
203 628 218 687 ἦ
233 628 288 688 κακχΙ
303 627 375 676 αύτοῠ
391 627 491 689 ύτιόνοια
506 626 605 678 οἷκούσαι
621 634 687 680 θέλω.
724 629 784 691 κάχύ·
803 637 871 691 dopo·
892 630 927 677 ὅτι
946 632 1068 683 corfinio

59 723 61 727 ·
109 697 225 757 Ἑλλήνων
240 700 332 769 ψευδέσι
346 700 400 748 uult
414 712 490 752 κακοῖς
504 702 609 749 ἐπίστευε
623 702 719 761 μύθοις.
753 704 790 749 καὶ
807 701 818 750 ά
832 703 940 750 'Annine
952 700 1066 750 sademo-

109 771 167 820 τίνες
183 771 240 816 εἰσὶν
258 770 321 817 οὗτοι
343 769 521 830 τῶνἙλλήνων
544 778 566 820 οἱ
586 775 674 834 ψευδεῖς
693 774 733 819 τε4
754 777 791 822 καὶ
811 776 880 820 κακοὶΙ
895 774 983 831 μύθοις
1006 769 1066 830 κὀἷχολ

108 841 173 897 ἔφυν·
189 837 203 899 ἦ
219 842 270 899 κερλ
286 843 347 889 θεάν
362 838 403 888 ούκ
419 838 479 903 ὀρθὴ
495 841 596 902 ιλύκιχσις,
616 842 645 901 ἣν
660 841 700 892 ἐάν
714 846 884 906 μακροθυμῇς,
905 840 992 902 άκούσχ
1006 840 1069 902 μετά

106 911 150 956 τῶν
165 913 311 970 φιλομαθύν.
329 935 330 939 ’
388 933 390 936 ⁴
963 956 964 959 ,

81 991 101 1025 1⁰
163 981 198 1029 IX.
226 979 266 1029 Διὸ
281 982 325 1043 κρό
341 985 386 1031 τῶν
401 984 509 1044 διαλόγων
525 987 556 1035 εἴς
575 1002 626 1030 τινα
647 980 805 1045 ἦουχύτερον5
823 982 1002 1048 ύτιοχωρύσωμεν
1022 981 1066 1041 ἤδη

106 1053 192 1100 τόπον·
208 1055 313 1100 ἐνταῦθα
330 1055 388 1113 ύμῖν
403 1054 593 1117 διαλεχθήσομαι.
622 1057 664 1100 τού
679 1058 704 1103 ol
720 1057 892 1116 idrolloyciodod
898 1076 928 1115 με
936 1052 1065 1116 βούλεσθαι

65 1117 67 1121 ’
107 1125 169 1169 αἰτία
183 1125 278 1184 χέχονεν
293 1124 379 1183 αύτχΰ,
401 1123 476 1183 ἐπειδὴ
491 1122 530 1186 ούχ
552 1130 572 1170 οἱ
589 1127 673 1171 κολλολ
691 1121 743 1172 cedd
767 1131 788 1172 οἱ
808 1116 984 1185 φιλοσοφοῦντες
1001 1122 1066 1172 adult

106 1191 207 1245 άκαντες
221 1195 317 1253 γνησίως
333 1196 498 1255 προσέρχονται
514 1196 542 1255 τῇ
557 1197 601 1242 τών
616 1193 687 1242 ὄντων
708 1198 785 1254 κρίσει.
820 1199 887 1255 ἴομεν
909 1193 952 1254 γάρ
968 1190 1065 1246 πολλούς

106 1266 142 1310 καὶ
156 1266 200 1311 τῶν
215 1268 252 1312 ἐπὶ
268 1266 390 1330 φιλοσοφία
404 1264 656 1324 μεχαλοφρονούντων7
670 1267 859 1319 κενοθσξούννας,
874 1264 888 1324 ἢ
903 1266 1065 1327 χρηματισμοῦ

79 1331 170 1394 ιαχύριυ
185 1338 397 1396 περιβεβλημένους
418 1332 459 1382 τὸν
474 1336 630 1394 τρῖβωναεκαὶ
645 1332 687 1383 ούκ
703 1331 773 1395 αύνιχς
792 1333 871 1395 αρετῆς
887 1341 1065 1394 medensium,
1106 1342 1108 1345 ’

105 1401 143 1451 ἐάν
158 1402 193 1464 μή
207 1403 287 1464 εὕρωσι
302 1402 329 1451 ‹h'
345 1404 357 1451 ὃ
375 1407 550 1464 φιλοσοφούοιν,
572 1407 610 1452 ἐντὶ
627 1404 652 1451 τά
675 1403 792 1467 χλευάζειν
811 1409 940 1463 τρέπονται.
979 1403 1015 1453 dial
1036 1402 1064 1464 ιλιλ

105 1470 158 1525 τούς
173 1477 291 1529 τοιούτους
305 1473 432 1535 ἒτιιτήιλειόν
447 1493 498 1521 τινα
514 1472 571 1534 κρὸς
585 1475 616 1522 τά
625 1474 721 1534 ἰθιοὶζειν
734 1477 808 1523 τόκον
824 1473 987 1534 ἑκιλεξύμεθα.

162 1547 186 1592 X.
217 1548 265 1593 Kal
281 1563 315 1597 τις
333 1550 357 1592 ὲν
381 1542 456 1597 αύτοῑς
475 1545 588 1598 πλούσιος,
605 1543 678 1606 άνύρ,
697 1549 733 1595 καὶ
753 1543 789 1593 διά
812 1544 898 1597 παντὸς
917 1542 989 1608 χύρύν
1011 1563 1063 1592 τινα

105 1689 197 1746 quidem,
213 1690 230 1732 si
244 1689 277 1743 pia
293 1689 342 1746 sint,
358 1689 448 1745 abjicere
464 1702 527 1746 vero,
543 1691 560 1733 sl
575 1691 619 1734 εἰσι,
630 1690 696 1744 impia.
731 1691 774 1734 Usu
796 1691 850 1733 enim
865 1690 936 1733 venire
952 1689 1015 1746 solet,
1039 1695 1062 1733 ut

79 1769 99 1802 κο
105 1761 182 1814 aliquis,
197 1764 255 1814 patre
272 1760 333 1813 impio
349 1765 416 1815 natus,
431 1760 479 1802 velit
494 1761 571 1802 vivere·
580 1761 620 1816 pie,
635 1762 699 1815 patris
711 1764 783 1804 mores
797 1762 857 1816 sequi
868 1761 953 1804 nolens
977 1761 1062 1815 Excepit

102 1832 194 1886 Appion:
211 1830 262 1881 Quid
279 1831 348 1885 ergo?
371 1832 451 1886 patrem
466 1837 522 1874 tunm
538 1832 568 1875 ais
584 1832 650 1874 malae
665 1834 719 1875 vitae
734 1832 851 1876 exstitisse?
886 1831 991 1886 Respondi
1013 1843 1062 1885 ego:

100 1904 147 1946 Non
164 1903 246 1958 quidem
261 1908 306 1945 erat
321 1903 387 1945 malae
402 1904 467 1958 vitae,
487 1903 525 1947 sed
540 1904 605 1946 malae
626 1903 733 1957 opinionis.
771 1902 796 1944 Et
817 1901 909 1957 Appion:
930 1903 987 1952 Quae
1008 1902 1061 1945 illius

101 1975 163 2017 luerit
178 1975 230 2016 mala
244 1976 354 2030 sententia,
372 1974 432 2028 cupio
448 1974 525 2016 audire.
554 1974 580 2017 Et
596 1986 636 2029 ego
652 1974 702 2016 dixi:
723 1973 782 2023 Quod
796 1972 853 2016 falsis
868 1985 892 2014 ac
908 1974 976 2028 pravis
992 1972 1060 2015 Grae-

101 2058 173 2088 corum
188 2046 262 2088 lahulis
276 2045 348 2088 habuit
362 2045 429 2086 fidem.
459 2043 527 2099 Atque
542 2043 625 2100 Appion
640 2046 753 2088 sciscitatus
769 2049 811 2086 est:
833 2044 938 2093 Quaenam
959 2049 1006 2087 sunt
1021 2043 1060 2086 hae

76 2104 230 2159 25Greeoorum
245 2114 310 2157 falsae
325 2127 349 2156 ac
363 2127 440 2168 pravae
456 2114 552 2156 fabulae?
577 2115 690 2170 Respondi:
709 2114 756 2156 Non
774 2120 832 2157 recta
854 2114 879 2156 de
898 2114 936 2157 diis
959 2116 1060 2170 opinatioq

102 2200 175 2243 quam,
188 2188 205 2230 si
220 2197 288 2240 aequo
305 2186 372 2227 animo
389 2185 440 2241 fers,
456 2198 503 2227 oum
519 2185 610 2228 discendi
626 2185 704 2239 cupidis
720 2183 798 2226 audies.

159 2257 191 2300 IX.
223 2256 292 2306 Quare
308 2256 534 2300 antedissertationem
553 2259 596 2313 jam
611 2255 732 2300 secedamus
747 2256 768 2296 in
784 2254 906 2308 quietiorem
921 2255 1009 2311 aliquem
1023 2256 1058 2299 lo-

102 2341 159 2384 cum,
180 2328 215 2370 uhi
236 2327 345 2370 vobiscum
366 2327 470 2371 disseram.
508 2328 569 2377 Quod
591 2333 659 2369 autem
679 2326 740 2369 velim
759 2337 854 2369 seorsum
874 2324 974 2382 colloqui,
997 2340 1059 2375 causa

33 2449 35 2455 Ι
100 2401 153 2442 haee
168 2405 208 2451 est,
224 2399 271 2454 quia
286 2411 329 2442 non
343 2399 445 2442 accedunt
460 2400 542 2442 sincere
557 2399 661 2454 plerique,
685 2410 754 2452 neque
775 2397 834 2438 eliam
850 2409 921 2440 omnes
937 2398 1057 2454 philosophi,

76 2473 126 2515 lead
139 2470 271 2527 J'udieandum
287 2470 397 2513 derebus.
428 2471 503 2514 llllultos
518 2468 618 2525 siquidem
633 2469 827 2524 novimus,=e0ru1n
843 2480 926 2523 quoque
942 2470 977 2524 qui
992 2469 1018 2511 de
1034 2481 1057 2512 se

100 2544 125 2586 oh
143 2540 284 2597 philosophiae
300 2540 452 2594 professionem
467 2540 576 2596 magnifiee
594 2540 693 2596 sentiunt,
715 2539 770 2580 inani
790 2537 854 2591 gloria
873 2538 930 2594 duci,
953 2545 987 2582 aut
1006 2540 1058 2582 lueri

100 2613 211 2668 cupiditate
230 2624 272 2653 non
294 2618 362 2654 eutem
383 2613 462 2655 virtutis
485 2623 557 2653 amore
580 2610 636 2652 indui
651 2610 722 2664 pallio:
745 2610 790 2664 qui,
811 2609 827 2651 si
842 2621 884 2651 non
906 2610 1023 2657 invenerint
1037 2610 1057 2653 id

98 2690 184 2740 propter
198 2682 255 2738 quod
270 2681 447 2739 philosophantur,
460 2686 543 2725 vertunt
558 2694 581 2725 se
597 2680 622 2722 ad
638 2680 754 2723 cachinnos.
792 2678 822 2721 ot
842 2681 893 2724 istos
915 2694 967 2737 ergo
988 2688 1056 2737 aptum

99 2756 187 2811 aliquem
202 2755 272 2796 locum
288 2752 396 2809 eligamus,
412 2755 432 2795 in
449 2766 490 2809 quo
506 2753 545 2796 soli
561 2753 629 2795 simus.

74 2832 93 2864 35
157 2824 181 2867 X.
211 2824 262 2866 Tum
279 2823 359 2876 quidem
374 2836 401 2865 ex
415 2824 463 2879 iltis,
478 2824 510 2881 vir
525 2822 592 2878 dives,
608 2821 643 2875 qui
658 2831 731 2875 agrum
746 2821 864 2883 possidebat
883 2822 991 2865 frondibus
1010 2822 1056 2864 ele-

131 2991 148 3026 i.
178 2987 204 3026 lta
220 2986 286 3036 scripsi
302 2997 318 3024 o.
338 2986 352 3024 0
375 2989 471 3027 verborum
492 2984 519 3040 μλχ
540 2986 568 3037 τῷ
621 2990 640 3026 4.
670 3000 691 3025 ιε
705 2986 773 3023 inserui
788 2997 804 3025 ο.
821 2986 842 3024 Ο.

102 3047 165 3084 ordine
174 3046 254 3094 inverso,
270 3040 296 3098 μὴ
314 3043 381 3084 θέλειν
398 3046 424 3096 τῷ
438 3047 473 3086 τού
489 3042 567 3098 πατρὸς
622 3048 640 3084 5.
670 3046 696 3083 lta
713 3045 727 3082 Ο
743 3057 758 3084 o.
774 3044 796 3095 S,
811 3041 932 3098 ἡσυχάιορον
948 3046 967 3085 G.

101 3101 220 3145 ἀκολουθεῖν
236 3105 255 3144 G.
285 3106 329 3142 Tum
344 3099 379 3154 μὲν
394 3102 513 3154 postdom.
530 3107 551 3145 0.
622 3108 639 3143 6.
665 3098 790 3154 αὕτηὸθ,
806 3100 856 3155 αὐτὴ
873 3099 912 3143 G(
937 3114 938 3117 ¹
1000 3108 1002 3113 ’

131 3167 151 3202 2.
180 3166 221 3209 τοῖς
236 3165 289 3202 deest
303 3164 321 3202 in
338 3163 359 3203 0.
620 3165 638 3202 7.
667 3159 718 3215 μέγα
734 3157 859 3217 φρονούντων
874 3164 895 3202 Ο.

132 3223 151 3262 3.
181 3218 214 3262 καὶ
228 3234 262 3262 om.
278 3223 299 3262 0.
