2276 3612
537 236 564 279 47
927 238 947 287 u,
965 241 1027 277 4-e.

49 355 51 361 '
73 356 134 407 will
150 349 267 410 προφήτου
281 341 348 410 λόγονΙ
363 349 430 408 aldius
445 347 551 396 ασσυοντι
560 354 655 412 συνεχῶς
668 349 816 408 ν’φηγεῑσθαι·
834 347 889 394 daeo
896 344 940 407 γαρ
950 347 1027 402 αὐτου,

73 426 101 478 οἷς
116 427 207 480 ἔμαθον
222 410 283 477 παρή
299 417 427 477 Βαρνάβα,
441 415 483 474 τήν
499 415 609 477 α’λήθειαν
623 428 709 479 μαθεῖν
725 416 850 467 adorator.

8 482 12 501 s
128 494 151 535 V.
180 489 210 536 ‘0
226 491 255 535 'dl
274 491 361 545 Πέτρος
383 487 420 531 ἐπὶ
435 488 506 546 τού-ιφ
526 488 627 547 μεγσὶλυς
644 489 724 548 ήσθεὶς
744 488 897 548 ἁπεκρίνατο·
919 486 962 546 ήιλη
982 492 1028 545 μὲν

73 564 87 610 a‘
104 561 159 619 πρός
173 577 197 604 σε
213 556 333 616 διόρθωσις
347 559 411 607 τέλος
428 560 533 615 εἴληφεν,
554 559 712 616 ὲπεγνσαιότα2
732 562 772 617 τής
788 559 917 605 ἅπταλστου
937 576 1026 615 προφη-

72 634 132 681 τείας
146 626 171 675 τὸ
186 632 298 688 μέγεθος,
312 630 339 684 ης
354 625 409 672 ἄνευ
424 631 504 686 λαβεῖν
518 629 562 673 τινὶ
577 629 602 673 et
618 634 641 674 ἐν
656 627 755 689 σλπεροχγγ
770 632 885 688 συμφέρον
902 627 1040 684 dulcissemo-5

0 692 9 717 λ’
72 700 216 757 πολλσῖνιγήρ
234 694 397 754 aethiopique
413 692 506 755 epitecto
520 695 592 742 ὄντων
606 702 631 742 ἐν
646 709 690 748 τοῖς
705 695 769 743 οὖσιν
784 697 799 754 ή
814 704 907 744 ἔσεσθαι
925 699 1025 756 ιλυναμὲ-

71 787 127 821 νοις,
143 765 168 813 τὸ
184 764 277 812 πάντων
290 764 471 823 μακαριώτατον,
485 769 530 810 εἴτε
544 760 616 814 σλΐιλιός
631 770 690 810 ἐστιν
702 762 743 822 ζωή
750 767 767 820 5,
783 765 942 827 ήτταρήμονσς
953 765 1027 827 dyeia,

9 854 10 857 ’
71 839 84 898 γ’γ’
101 839 183 885 τέλειος
198 835 264 887 νους,
279 831 293 890 ή
309 836 366 891 φῶς,
381 835 394 892 ἢ
409 833 478 895 χαρά,
496 833 510 892 ή
526 832 658 893 αφθαρσία,
678 832 692 892 ή
708 838 744 881 καὶ
762 835 816 882 litto
834 856 855 883 τι
870 837 881 884 ὃ
897 843 921 884 ἐν
936 842 965 897 τῇ
980 840 1027 883 ταῖν

6 923 10 945 -·
71 909 141 955 ὄντων
157 901 222 961 φύσει
240 901 352 963 ήσερὲχσν
373 901 469 964 ὑπάρχει
489 902 559 950 ταλὸν
578 902 593 962 ή
612 901 714 961 ιλπσλρξαι
736 904 834 950 ιλήναται
854 909 923 952 τοῦτο
939 932 967 942 -
981 904 1024 954 οὐκ

70 979 139 1025 σίλλοις
153 976 214 1019 ἔστιν
229 967 286 1018 αὐτὸ
302 971 440 1031 στήσασθαι,
456 971 490 1032 μή
507 971 618 1033 πρότερον
632 972 717 1031 γνόντα
732 971 760 1017 τοὶ
776 972 831 1018 ὄντα
847 975 875 1026 οἷς
889 982 961 1023 ἔστιν·
972 1015 973 1018 ¹
983 980 1053 1036 τήςρρ

71 1048 94 1092 (λλ
108 1041 205 1103 γνώσεως
220 1039 260 1088 aaa
275 1041 345 1093 σ’ἶλλυς
359 1053 433 1104 τυχεῖν
448 1049 521 1098 ἔστιν,
540 1040 581 1089 ἐσλν
602 1043 636 1102 μή
659 1041 768 1102 πρότερον
783 1060 825 1093 ’τις
846 1045 888 1090 τὸν
909 1048 949 1104 της
968 1045 1025 1106 εἰλη-

71 1116 138 1164 calcea
153 1109 273 1169 προφήτην
288 1114 378 1173 ἐπιγνῷ.

126 1183 158 1226 Vl.
187 1179 310 1240 Προφήτης
324 1182 347 1227 dd
362 1178 472 1238 σλληθείας
487 1184 545 1228 ἐστὶν
559 1178 570 1227 ὁ
586 1180 687 1228 advoces
702 1177 780 1228 πάντα
795 1182 872 1237 aldais,
886 1181 915 1229 τσλ
929 1189 974 1242 μὲν
986 1205 1025 1245 γε·

70 1248 153 1312 γονὸτα
170 1247 198 1301 αἷς
212 1243 310 1307 ἐγένετο,
331 1249 358 1295 τοὶ
373 1251 396 1296 dh
416 1249 530 1309 γινόμενα.
549 1247 577 1300 οἷς
592 1252 694 1308 γίνεται,
717 1247 744 1296 ool
761 1253 784 1297 dd
799 1248 896 1309 ἐσόμενα
912 1254 940 1305 atr
953 1258 1024 1310 ἔσται,

71 1318 241 1380 ἀναμάρτητος,
261 1317 371 1377 ἐλεήμων,
393 1317 463 1377 μόνος
483 1320 525 1378 τήν
547 1317 660 1378 α’λήθειαν
680 1317 816 1379 σλφηγεῐσθαι
836 1327 1049 1385 πεπιστευγιένος.15

70 1392 218 1447 σλναγίνυσυε,
241 1390 277 1435 aul
297 1385 397 1446 εὑρήσεις
410 1387 462 1440 τοής
483 1388 522 1446 εἶφ’
541 1390 645 1435 ἑαυτήνψ
665 1389 707 1447 τήν
727 1389 840 1447 α’λήΰειαν
861 1392 932 1449 sopato
955 1395 1024 1451 νομί-

70 1457 179 1509 σανταςὸ.
215 1461 283 1504 τουτο
306 1456 348 1515 γελρ
364 1457 481 1515 προφήτου
497 1459 569 1510 idaeo,
591 1456 616 1503 τὸ
632 1455 675 1514 τήν
697 1455 810 1515 dialectos
825 1457 934 1516 μηνύειν,
948 1460 1023 1519 ὥσπερ

70 1529 134 1586 ήλίσυ
149 1520 208 1574 λέλισν
223 1525 248 1573 τὸ
264 1523 308 1583 τήν
323 1525 410 1585 ἡμέραν
427 1529 509 1584 φέρειν.
540 1523 575 1572 did
591 1528 659 1572 τουτο
677 1523 724 1570 ὅσοι
739 1530 794 1572 ποτὲ
810 1524 923 1586 ἀλήθειαν
938 1533 1023 1587 γνῶναι

70 1594 234 1655 ἐπεθύμησαν,
249 1594 310 1654 παρσλ
327 1598 350 1642 dh
365 1594 448 1642 τουτου
462 1603 547 1654 μαθεῖν
562 1590 635 1652 στ’τήν
650 1592 690 1638 συν
706 1591 833 1655 εὐτύχησαν
839 1632 846 1651 ,
860 1594 893 1657 μή
910 1596 1022 1655 εὕροντες,

69 1738 129 1791 pheta
144 1736 246 1789 explicare
263 1735 343 1779 assiduo
357 1737 452 1778 lubenter
467 1736 563 1778 audienti.
592 1735 677 1791 Absque
692 1736 726 1779 illo
743 1737 806 1791 enim,
827 1738 879 1778 sicut
897 1748 908 1777 a
927 1736 1019 1779 Bernaba
1027 1758 1046 1790 20

70 1808 150 1862 accepi,
166 1807 241 1848 veritas
257 1804 307 1847 disci
321 1819 363 1848 non
378 1811 450 1859 potest.

125 1878 148 1919 V.
176 1876 247 1918 Petrus
263 1887 288 1916 eo
304 1887 405 1929 responso
421 1876 479 1918 valde
496 1875 607 1918 delectatus
619 1876 671 1929 jam,
692 1875 767 1929 inquit,
789 1875 850 1916 finem
871 1876 950 1929 accepit
966 1891 1018 1931 quae

69 1947 95 1988 ad
103 1952 123 1988 tc
133 1947 221 2000 pertinet
232 1944 353 2000 emendatio,
368 1950 390 1986 ut
405 1946 439 1998 qui
456 1956 571 2000 cognoscas
586 1943 745 1999 magnitudinem
756 1944 881 1986 indubitatae
890 1945 1018 2001 prophetiae,

68 2018 112 2060 sine
128 2029 168 2070 qua
182 2016 305 2070 impossihile
320 2021 351 2058 est
366 2016 459 2069 cuiquam
474 2017 494 2057 id
509 2016 610 2070 consequi
632 2014 688 2069 quod
702 2027 780 2056 summe
797 2015 861 2068 juvat.
898 2015 949 2056 Nam
972 2029 1017 2058 cum

68 2087 90 2128 in
103 2086 166 2128 rebus
181 2087 242 2128 multa
261 2091 281 2128 ct
299 2087 355 2128 varia
374 2086 428 2127 heria
444 2087 484 2141 sint
503 2098 527 2126 ac
550 2098 596 2129 esse
616 2086 704 2140 possint,
727 2085 781 2139 quod
803 2085 870 2125 onmia
891 2085 1043 2145 heatitudine25

69 2160 159 2210 superat,
173 2156 207 2197 vel
221 2157 262 2197 vita
278 2160 371 2210 aeterna,
387 2156 420 2198 vel
435 2161 534 2210 perpetua
549 2156 637 2210 sanitas,
652 2155 685 2197 vel
700 2156 792 2209 perlecta
807 2167 874 2210 mens,
895 2156 928 2212 vel
943 2156 1017 2213 lumen,

68 2226 102 2267 vel
114 2224 219 2281 gaudium,
234 2226 267 2267 vel
281 2226 431 2282 immortalitas,
446 2227 479 2268 vel
495 2227 512 2269 si
528 2226 575 2280 quid
590 2226 643 2267 aliud
659 2231 690 2267 cst
705 2232 739 2268 aut
751 2226 851 2267 exsistere
862 2231 931 2279 potest
945 2229 1017 2269 excel-

68 2295 113 2336 lens
127 2294 148 2334 in
163 2306 232 2336 rerum
247 2300 328 2337 natura:
344 2296 364 2337 id
379 2309 420 2337 non
436 2297 493 2337 aliter
507 2295 614 2349 possidere
630 2300 670 2350 est,
693 2296 731 2337 nisi
752 2296 808 2348 prius
828 2308 862 2338 res
879 2296 1015 2349 quemadmo-

68 2364 116 2405 dum
131 2370 211 2408 exstant
226 2372 388 2420 cognomentum
407 2379 431 2408 ea
447 2378 498 2408 vero
514 2366 599 2408 scientia
618 2367 724 2419 continget
744 2378 866 2420 numquam,
887 2367 925 2408 nisi
947 2369 1016 2422 agnito

68 2440 127 2477 antea
143 2435 242 2490 Propheta
260 2437 354 2479 veritatis.
1025 2462 1043 2494 30

123 2504 155 2546 Vl.
184 2505 284 2558 Propheta
300 2511 367 2547 autem
382 2505 472 2547 veritatis
488 2505 520 2546 ille
537 2509 578 2560 est,
602 2505 635 2558 qui
651 2505 718 2546 omnia
735 2506 818 2546 omnino
835 2507 883 2560 scit,
907 2508 1016 2559 praeterita

66 2579 88 2615 ut
103 2573 195 2630 luerunt,
210 2576 326 2628 praesentia
341 2580 363 2616 ut
378 2580 435 2629 sunt,
450 2576 517 2617 futura
532 2580 554 2616 ut
570 2580 641 2625 erunt3
656 2575 691 2628 qui
706 2580 737 2616 est
751 2576 900 2630 impeccabilis,
917 2581 937 2617 et
952 2579 1016 2620 mise-

66 2645 144 2696 ricors3
159 2647 233 2699 cuique
246 2646 284 2688 soli
301 2645 445 2688 edisserendae
466 2646 557 2687 veritatis
572 2646 677 2699 provincia
697 2646 818 2688 denmndata
839 2653 876 2689 est.
913 2647 977 2700 Legc5
996 2652 1016 2688 et

66 2714 158 2756 invenies
181 2727 217 2757 eos
241 2716 300 2769 quia
316 2717 387 2770 seipsis
402 2718 508 2758 veritatem
524 2728 547 2758 se
562 2721 633 2757 nactos
648 2715 711 2758 luisse
727 2718 874 2760 existimarunt.
904 2716 925 2757 ld
941 2719 1014 2770 quippe

65 2782 178 2838 Prophetae
193 2785 297 2837 proprium
313 2791 355 2840 est,
370 2785 477 2828 veritatem
491 2785 593 2837 indicarc;
614 2784 784 2838 queamdmodum
800 2788 839 2829 soli
859 2788 941 2840 proprie
955 2799 1041 2841 com-35

65 2854 127 2908 petit,
144 2853 196 2894 diem
210 2853 314 2897 inducere,
356 2856 456 2904 Quocirca
478 2861 580 2909 quotquot
599 2845 706 2896 veritatem
722 2857 864 2899 desiderarunt
879 2868 1015 2913 cognoscere,

66 2929 87 2964 et
101 2924 125 2965 ab
141 2923 181 2965 hoc
197 2936 241 2966 eam
256 2924 336 2967 discere
351 2940 393 2969 rien
409 2927 548 2977 obtinuerunt,
565 2938 589 2966 ea
604 2937 645 2966 rien
661 2926 755 2982 iuventa,
776 2928 796 2968 in
812 2927 951 2981 disquIsitione
975 2929 1016 2969 oh-

99 3033 116 3068 1.
146 3030 330 3071 retruserunt),
582 3035 601 3078 4,
631 3033 657 3070 lta
673 3033 694 3072 0.
710 3029 820 3082 asaal
837 3030 913 3071 ἑαυτῶν
930 3034 949 3072 C.

97 3094 116 3127 2.
146 3090 203 3128 Prima
218 3104 263 3129 niun.
285 3092 358 3141 scripsit
372 3093 396 3146 *in
417 3092 432 3130 0
451 3087 529 3143 allapso
583 3093 601 3128 5.
631 3091 675 3129 l'ost
696 3088 817 3142 νομίσαντας
843 3091 936 3130 excidisse
956 3094 1015 3142 aliqua

70 3142 102 3185 ε’πλ
117 3143 181 3197 sedorp
196 3146 327 3201 ε’πεγνσιιότα.
552 3147 642 3189 videntur.
672 3151 740 3198 Supple
755 3148 894 3201 ἐνεδρευθῆναι
910 3152 954 3199 (cir.
966 3165 983 3191 c.
993 3156 1015 3200 7)

99 3207 117 3242 3.
147 3207 197 3245 Prius
212 3205 222 3260 η
238 3204 277 3259 ζωή
292 3208 308 3246 iu
326 3210 354 3246 0.Ι
553 3209 582 3245 uel
597 3207 654 3246 simile
672 3208 743 3257 aliquid.
760 3210 777 3246 S.
