2276 3612
578 232 619 275 lot
957 229 986 279 ru,
999 231 1032 268 aa.
1048 231 1081 267 aa.

174 347 212 391 LII.
242 344 308 396 Ἐπεὶ
323 345 365 396 οὖν
380 344 481 407 οὑρανσὺ
496 350 531 396 καί
546 349 588 407 γής
603 352 635 396 ε”τι
646 344 787 395 συνεστώτων
798 344 923 404 παρήλθον
932 344 1021 397 θυσίαι,
1035 346 1081 400 βα-

120 418 212 470 σιλεῖαι,
228 424 290 466 uida
304 428 421 479 γεννητοῖς
436 422 551 476 γυναικών
567 429 701 478 προφητεῖαι
723 419 760 464 καί
782 416 843 464 ὅσαΙ
858 416 969 468 τοιαῦτα,
991 413 1019 464 ὥς
1038 409 1080 460 θήν

118 486 173 532 ὅντα
189 489 250 536 Θεσὺ
267 488 446 548 πρσςτοίγματα,
467 489 537 535 ἔνθεν
552 490 611 549 γοὺν
626 489 710 547 λέγειῖ·
734 489 797 534 παῖσα
813 485 907 546 φυτεία,
927 483 955 545 ήν
971 480 1014 531 οὑκ
1029 481 1081 542 ept-

118 574 196 603 τευσεν
212 558 224 604 ὁ
240 555 340 618 πατήρὸ
361 554 480 615 οὑροίνιος,
499 557 678 617 ἐκριζαθήσεται.
712 555 747 603 did
768 560 837 605 τσὺτο
854 552 926 608 αὑτὺς
942 552 1033 613 οίληθής
1049 551 1080 599 αλκ

118 627 236 686 προφήτης
248 629 352 688 έλεγενό·
367 628 407 686 ε’γυλ
424 631 472 686 εἰμι
487 629 502 685 ή
517 627 579 688 πὺλη
594 631 635 689 της
650 631 712 688 ζωῆς·
729 625 781 674 ὑιλί
792 630 849 687 ἐμοὺ
864 620 1023 688 εἰσερχόμενος
1037 628 1093 675 εἰς-1

118 698 204 757 ippotae
225 703 257 750 εἰς
279 695 329 757 τήν»
346 697 415 757 ζωήν·
439 696 467 750 τίς
488 695 526 745 οὑκ
547 698 619 757 οὑοης
639 701 715 756 ἑτέρας
736 701 776 756 ’της
798 701 872 755 σώζειν
891 697 1024 754 δυναμένης
1044 698 1080 742 ιλι-

119 767 247 820 ιλασκαλίας.
278 765 329 815 ιλιὺί
344 772 377 817 καλ
387 765 441 829 ἐβόα
451 771 535 828 λέγων’·
549 771 613 816 detine
629 768 685 826 πρός
696 788 726 826 με
737 764 851 819 ποίντεςοὶ
866 769 998 821 κοπιῶντες,
1014 784 1081 812 τουτ-

118 837 194 892 έστιν,
217 842 237 883 οἱ
252 834 294 897 τήν
315 836 428 898 ἀλήθειαν
443 841 564 898 ζητοὺντες
580 841 617 885 καὶ
632 836 667 897 μή
682 835 823 895 εὑρίσκοντες
838 835 918 895 αὑτήν.
948 832 1079 883 καίπὺλιν’

118 902 145 951 τοί
162 904 206 964 ε’μοί
222 905 328 967 πρόβατα
344 904 437 955 σίκοὺει5
452 911 492 969 τῆς
507 912 563 968 ε’μης
582 910 665 968 φοινής-
700 908 738 953 καί
751 904 860 954 οίλλοτεῧ·
885 913 969 965 ζητεῖτε
985 908 1022 953 καί
1038 907 1080 952 εὑ-

118 977 216 1034 ρίσκετε,
233 975 261 1027 τίς
275 975 309 1035 μή
324 979 438 1037 προδήλως
452 982 557 1038 κειμένης
572 983 613 1035 τής
628 978 747 1037 diodolus·
1086 994 1105 1026 1⁰

175 1048 222 1092 Idll.
253 1045 326 1095 Ἀλλολ
341 1051 376 1095 καί
392 1054 413 1103 ἐξ
427 1047 549 1107 οὑρανὺν7
571 1050 660 1107 μοίρτυς
677 1045 739 1109 φωνή
753 1046 859 1106 η’κοὺσθη
881 1048 986 1105 λέγουσα·
1011 1042 1079 1100 αὑτός

119 1120 181 1165 ἐστίν
197 1114 208 1163 ὑ
224 1117 271 1169 υἱός
286 1119 347 1176 μου8
363 1115 374 1166 ὑ
391 1116 515 1180 α’γαπητὺς,
530 1125 561 1172 εἰς
572 1120 599 1167 ὃν
614 1117 736 1178 εὑιλὺκησα,
749 1115 945 1165 τοὺτσυοίκοὺεκε.
976 1114 1080 1174 καὶπρὸς

118 1186 209 1238 κου’τσις
223 1190 340 1236 ἐπιπλεῖον
356 1186 455 1241 αὑτσὺς9
475 1193 668 1250 πεπλανημένους
687 1192 772 1249 ἐλέγξαι
789 1190 863 1235 θέλων
884 1184 937 1238 τοὺς
952 1186 1085 1247 προφήτας,

119 1257 174 1317 παρ’
190 1253 220 1305 ὑν
236 1257 264 1318 di}
278 1263 439 1318 μεμαθηκέναι
454 1263 578 1321 ἐβεβαίουν
583 1297 590 1316 ,
613 1264 788 1320 ε’πιθυμοὺντας
809 1261 921 1320 ἀληθείας
936 1261 973 1305 καί
989 1255 1023 1317 μή
1037 1278 1079 1316 με·

117 1326 255 1389 μαθηκὺτας
270 1329 447 1387 τελευτήσαντας
461 1328 595 1396 ὑπεφήνατο
611 1331 680 1378 εἰπών
688 1333 717 1359 ¹⁰·
735 1335 814 1379 πολλοί
829 1333 945 1390 προφήται
960 1331 995 1376 καί
1011 1334 1104 1388 βασι-11

118 1403 161 1452 λεῖς
176 1398 331 1459 ἐπεθύμησαν
346 1403 400 1447 idcir
415 1400 430 1447 ὑί
446 1399 508 1458 ὑμεῖς
523 1405 634 1460 βλέπετε,
648 1404 686 1448 καὶ
700 1400 796 1449 οίκοὺσαι
813 1400 827 1447 ὑ
842 1398 907 1460 ὑμεῖς
922 1396 1029 1453 duodece,
1045 1403 1080 1447 καί

117 1467 181 1529 οίμήν
196 1472 251 1528 λέγω
265 1467 334 1527 ὑμῖν,
350 1469 402 1517 σὺτε
417 1471 477 1517 cidon
488 1471 515 1526 ¹¹,
531 1470 586 1518 οὑτε
601 1471 708 1529 ήκουσοιν.
738 1476 770 1517 ε”τι
786 1468 834 1529 μήν
850 1474 925 1528 ἔλεγεν
935 1469 964 1496 ¹²·
982 1468 1023 1526 ἑγιὺ
1033 1472 1080 1525 εἰμι

118 1543 168 1599 περὶ
183 1532 213 1586 οὑ
228 1540 331 1597 Μαὺσής
346 1540 512 1600 προεφήτευσεν
533 1537 613 1588 εἰπών·
638 1538 757 1600 προφήτην
780 1547 848 1601 ἐγερεῖ
856 1542 876 1570 ¹⁵
897 1537 954 1598 ὑμῖν
977 1537 1081 1598 κὺριοςὺ

176 1684 214 1726 LII.
245 1683 331 1732 Quando
347 1684 408 1739 igitur
423 1683 483 1725 coelo
505 1689 526 1725 et
541 1688 597 1726 terra
617 1682 683 1726 adhuc
705 1684 805 1728 stantibus
827 1683 954 1726 transierunt
974 1682 1081 1739 sacrificia,

117 1768 194 1811 regna,
210 1755 339 1810 prophetiae,
355 1767 408 1809 quae
420 1754 474 1796 inter
489 1759 550 1796 natos
565 1755 681 1810 mulierum,
698 1759 719 1797 et
734 1768 787 1810 quae
803 1755 833 1798 his
849 1755 931 1811 similia,
951 1756 1010 1810 quasi
1027 1768 1104 1809 quaeoo

118 1840 161 1869 non
177 1832 246 1871 essent
261 1826 299 1867 Dei
315 1826 417 1868 mandata:
435 1825 483 1867 inde
499 1838 549 1880 ergo
566 1827 601 1868 ait:
622 1827 687 1868 orariis
699 1827 814 1880 plantatio,
835 1838 897 1880 ηκοικ
918 1838 960 1866 κοκ
976 1826 1082 1879 plantavit

116 1903 177 1952 poter
192 1891 295 1948 eoeledtts,
315 1897 462 1938 erudicabitur.
500 1897 587 1950 Propter
606 1897 647 1938 hoc
664 1897 718 1952 ipse,
740 1909 801 1939 verus
824 1896 937 1951 prophete,
959 1896 1021 1938 dixit:
1041 1911 1080 1951 epo

117 1981 161 2009 sain
174 1971 237 2021 portu
251 1967 319 2008 citae:
335 1968 369 2021 qni
380 1980 420 2021 per
435 1980 466 2007 ine
482 1967 559 2019 introit,
575 1968 678 2009 introitio
692 1968 762 2019 citant,
779 1968 826 2022 quia
836 1979 879 2009 non
888 1973 921 2009 est
932 1967 970 2008 alia
979 1967 1080 2022 doctrina,

120 2051 173 2093 quae
188 2039 251 2092 possit
267 2039 344 2080 salvum
360 2038 453 2080 facere·
473 2037 576 2086 Quocirca
594 2038 704 2094 clamabat,
727 2039 808 2080 dicens:
828 2039 896 2080 canite
917 2038 946 2079 od
964 2051 996 2078 ine
1011 2050 1080 2079 ornnes

119 2111 153 2164 qui
170 2109 280 2165 taboratis,
296 2109 337 2151 hoc
353 2114 392 2164 est,
407 2109 441 2163 qui
457 2109 555 2163 quaeritis
570 2110 689 2164 veritatem,
705 2122 744 2151 nec
759 2110 854 2152 invenitis
869 2122 921 2150 earn.
956 2109 981 2151 Et
996 2111 1105 2151 iterurnzaa

118 2194 167 2223 eoas
182 2193 240 2221 κιεοο
255 2194 326 2222 υοοοκκ
340 2193 405 2222 inania
421 2180 512 2222 ουιλίκκῖ.
541 2180 567 2223 Ε1
587 2181 644 2223 alias:
667 2182 760 2234 quaerite
775 2186 796 2222 et
810 2181 933 2231 ittoeitietis;
950 2180 1006 2235 quod
1021 2182 1080 2223 veri-

119 2258 151 2295 tas
167 2252 222 2294 clare
239 2264 281 2294 non
296 2253 322 2295 sit
337 2252 410 2306 posita.

176 2322 223 2365 LIII.
254 2322 293 2365 Sed
310 2328 329 2364 et
345 2323 370 2364 de
386 2321 449 2364 coelis
471 2320 529 2363 testis
545 2334 588 2363 von
604 2320 670 2362 audita
687 2327 727 2377 est,
749 2321 828 2364 dicens:
851 2322 885 2363 die
902 2327 934 2363 est
953 2323 1009 2375 pitius
1025 2336 1081 2364 ineos

120 2396 212 2445 dilectus,
229 2394 250 2434 in
266 2407 305 2448 ηυο
319 2394 368 2435 initi
382 2392 509 2446 eoinpiocui:
525 2392 590 2445 ipsunt
606 2392 682 2434 ondita.
723 2392 748 2433 Et
768 2393 835 2434 adhuc
850 2394 916 2448 tnagis
937 2393 1081 2437 demonstrare

120 2465 192 2507 volens
207 2465 263 2518 ipsos
275 2464 387 2518 prophetas
402 2475 493 2518 errasse,
509 2476 520 2504 a
537 2463 611 2517 quibus
626 2475 650 2505 se
667 2463 762 2506 didicisse
778 2464 907 2506 affirmabant
913 2498 918 2520 ‚
935 2477 971 2507 ecs
987 2470 1106 2509 montuosae

121 2547 168 2578 esse
184 2536 204 2575 in
218 2533 320 2575 desiderio
336 2539 356 2576 et
371 2535 447 2576 nonin
464 2534 583 2587 cognitione
599 2534 690 2576 veritatis
705 2536 859 2591 pronunciavit,
875 2535 906 2577 his
922 2535 1002 2578 verbis:
1024 2536 1081 2576 nintti

116 2606 230 2661 prophetoe
246 2609 266 2644 et
279 2617 340 2657 repes
355 2605 463 2659 cupierant
476 2604 548 2645 cidere
564 2617 617 2659 poue
632 2616 669 2646 uos
684 2605 770 2657 uidetis,
795 2611 815 2647 et
830 2607 903 2647 audire
920 2619 973 2660 quoe
988 2619 1025 2648 cos
1040 2618 1080 2647 ου-

120 2677 179 2717 ditis:
195 2680 216 2715 et
229 2673 294 2715 Αικαι
309 2675 355 2716 dieo
370 2676 440 2727 codis,
458 2688 524 2729 nepita
539 2676 647 2726 σιάεικκῖ,
662 2688 728 2729 acque
744 2677 861 2718 [iniierunt.
891 2676 947 2719 Dixit
962 2681 1080 2730 praeterea:

120 2759 158 2801 οηο
173 2758 217 2787 suin
232 2745 257 2785 de
273 2757 312 2797 ηιιο
327 2746 407 2799 Mopsus
419 2745 562 2799 prophetavit,
579 2747 661 2788 dicans:
674 2746 796 2800 propltetorn
811 2747 921 2789 sciscitabit
936 2747 995 2788 codis
1006 2747 1080 2788 Danti-

152 2859 170 2895 1.
202 2848 242 2892 ὑσα
260 2852 327 2889 excidit
343 2865 371 2902 ap.
390 2855 409 2893 ct
425 2860 443 2893 et
457 2855 476 2893 S.
642 2856 660 2892 7.
691 2849 777 2904 οὐρανοί
794 2856 816 2895 0.

150 2920 169 2953 2.
200 2911 310 2959 diuoluit,
329 2914 361 2950 13.
642 2915 661 2950 8.
691 2909 850 2963 μουὸυίὸςῦ.
880 2913 941 2951 ulain,
958 2913 990 2962 17,
1008 2915 1026 2952 5.

149 2977 168 3013 3.
199 2972 314 3017 Joann.10‚
332 2973 349 3008 9.
643 2974 662 3012 9.
692 2968 776 3016 τοὺςθ.

149 3036 168 3073 4,
200 3026 223 3069 δι’
241 3025 251 3068 d
268 3030 287 3067 C.
303 3025 355 3080 πρός
367 3045 391 3081 με
400 3043 434 3070 orn.
444 3031 465 3069 0.
482 3030 587 3070 Girdiutth.
644 3032 676 3069 10.
691 3032 753 3070 diatth.
772 3035 803 3080 13,
821 3033 852 3069 17.
866 3029 908 3067 Luc.
927 3032 960 3080 10,
977 3035 1010 3071 21.

123 3095 155 3140 11,
172 3093 206 3130 28.
644 3083 912 3138 11.1ta00.8,tttoic.

150 3151 169 3188 5.
199 3143 295 3188 ἀκούουσι
312 3145 361 3194 (sio)
379 3148 399 3186 0.
418 3149 471 3186 dean¹
489 3151 522 3201 10,
539 3151 572 3188 27.
643 3150 676 3186 12.
691 3150 745 3187 Joan.
762 3152 780 3197 5,
796 3152 829 3187 46.
843 3147 885 3185 net,
902 3150 922 3196 3,
938 3152 973 3188 22.

152 3213 169 3248 6.
200 3207 261 3249 ttaun.
279 3207 298 3254 t,
314 3208 332 3243 7.
643 3209 675 3246 13.
691 3206 754 3261 έγείρη
770 3208 790 3246 0.
