2276 3612
529 214 569 258 315
862 275 864 277 ³
892 217 930 266 xv,
947 219 979 256 ro.
997 218 1029 253 ιι.

1 386 5 396 ι
72 333 210 392 proponatur.
247 329 294 378 άλλ’
319 327 370 378 τάδε
391 336 414 377 ἐν
438 332 467 388 τῷ
488 332 576 391 πένητα
592 330 650 376 εἶναι’
672 349 722 377 τινα
742 332 834 381 πάντας
858 324 943 377 δίκαιός
963 332 1029 371 ἐστιν·

0 436 5 459 5
73 399 167 448 δύναται
183 398 226 459 adp
241 401 327 464 πτωχὸς
342 407 386 459 μὲν
402 413 446 452 τοῖς
460 399 572 463 χρήμασιν
588 403 657 456 εἶναι,
679 408 803 459 ἐπιθυμεῖν
823 401 846 446 δὲ
863 397 877 457 ἧ
900 399 935 444 ναὶ
956 396 1029 454 τεράτ-

72 489 119 516 τειν
134 469 146 515 δ
161 475 333 530 προηγουμένως
348 469 376 517 ov'
390 471 438 532 χρη.
467 467 482 528 ἢ
497 472 539 529 γάρ
555 472 634 517 εἴδωλα
649 473 722 530 σέβει,
743 469 915 529 δβλασηιημεῖ,
934 464 949 524 ἦ
972 483 1029 523 πορ-

0 536 6 555 ⁶
72 541 143 593 νεύει,
159 540 173 597 ἢ
190 538 313 601 οἷδιαφάροις
328 546 365 601 ζῇ,
379 541 394 600 ἢ
409 544 525 599 aucupante,
540 539 554 600 ἢ
570 541 716 599 ψευδόμενος,
731 538 745 597 ἦ
757 536 936 601 άτιλοταςβιοδς.
967 532 1029 592 πλην

73 607 225 663 δδιδάοναλος
240 611 303 671 ημῶν
317 609 410 663 πιστσάς
426 613 524 669 πένητας
539 609 673 669 ε’μανάρισεν
684 612 699 664 1,
715 612 749 656 aet
766 607 850 663 ον’τσδς
866 612 907 671 οὐχ
924 607 953 658 οἷς
968 620 1047 662 ΜΝ

71 680 189 739 εσχητότας
208 702 242 736 τι,
263 680 313 727 odda
334 682 377 740 γάρ
397 684 469 743 εἶχον,
496 678 543 728 αλλ’
563 680 590 732 άς
604 682 682 738 [μηδὲν
705 678 906 739 άμαρτάνονταςῗ,
929 679 966 726 ναὶ
990 677 1027 721 ἐντὶ

0 777 6 805 3
72 749 133 808 μόνῳ
147 751 176 810 τῷ
190 750 233 811 την
248 752 400 811 ἐλεημοσύνην
423 748 456 810 μη
478 762 564 803 νισιεῑν,
587 748 622 796 διά
643 749 669 796 τὸ
685 750 717 808 μη
738 756 809 811 ἔχειν,
832 750 1029 805 τατσδινασδηνοιι

0 819 6 856 3'
72 820 113 868 ονίι
129 824 243 881 ἔχονταςῖ
273 824 309 869 ναὶ
325 820 437 882 ὁ·ττατη’ρ’
455 820 545 879 άληθῶς
560 820 622 867 aclea
632 820 688 867 adad
704 819 745 879 την
757 818 871 866 detractu
886 819 958 878 ὀρθῶς
970 825 1029 878 ἔχειν

73 890 99 938 τά
116 894 239 950 πράγματα
256 896 372 951 φαίνεται,
394 891 428 940 διὸ
451 895 487 939 ναὶ
511 893 656 950 προαιρέσεως
680 889 791 950 ἒνενόμην
813 891 841 948 τη
861 890 921 943 τάξει
941 885 1028 938 παντὸς

73 962 196 1008 ἐσακοῦσαι
211 965 253 1009 τοὺ
267 962 340 1022 λόγον.
1032 971 1053 1004 10

128 1033 161 1077 XI.
191 1034 236 1078 Kal
251 1033 262 1079 ὁ
278 1036 373 1092 Πέτρος·
397 1031 481 1080 οὐκοῦν
502 1035 639 1079 rationari
656 1031 780 1078 onsddouur'
801 1048 835 1076 σοι
854 1028 882 1076 τά
906 1026 962 1075 acad
987 1025 1027 1087 την

73 1100 182 1161 ἡμετέραν
199 1105 320 1161 θρησκείαν
334 1110 431 1161 μαθεῖν,
450 1100 530 1162 ὀφείλω
549 1105 579 1163 τῇ
594 1102 653 1156 τάξει
669 1102 709 1148 τὸν
724 1101 792 1159 λόγον
808 1105 909 1147 ἐνθεῖναι
931 1095 969 1144 ἄντ’
986 1096 1029 1144 ad-

72 1172 114 1218 τοά
130 1167 253 1231 δεχόμενος
267 1176 310 1218 τον
326 1175 399 1229 Θεοῦ,
421 1179 456 1222 ναὶ
474 1172 564 1226 δεικνύς
584 1172 619 1219 ὅτι
634 1170 706 1220 αὐτὸν
720 1170 795 1231 μόνον
818 1173 852 1218 δεῖ
870 1172 945 1230 λέγειν
956 1168 1029 1224 Θεὸν,

72 1243 159 1299 ἑτέρους
174 1243 197 1288 δὲ
212 1241 270 1302 μήτε
286 1246 376 1301 λε’γειν4
392 1247 450 1302 μήτε
466 1247 581 1302 νομίζειν,
603 1245 639 1289 ναὶ
656 1243 691 1290 ὅτι
707 1242 718 1289 ὁ
734 1241 796 1300 trapa}
817 1243 886 1289 rodco
903 1241 975 1286 ποιάν
992 1244 1027 1285 σί-

72 1313 139 1362 ωνῖωσ
155 1311 198 1374 ἐ’χει
214 1317 364 1371 ιιολασδηναι,
380 1313 407 1364 ὥς
422 1318 454 1365 εἰς
470 1311 541 1361 αὐτὸν
556 1313 596 1359 τὸν
613 1315 656 1359 τῶν
673 1313 729 1359 ttae
745 1312 856 1370 δεσπότην
871 1308 983 1370 α’σεβησας
998 1307 1026 1355 τά
1034 1315 1054 1350 15

72 1384 174 1442 με’νιστα.
205 1387 241 1431 ναὶ
257 1387 328 1430 ταντα
344 1382 414 1430 εἰπάν
430 1386 465 1430 aul
480 1395 524 1433 τοῖς
539 1382 585 1429 άπὸ
609 1387 692 1429 ποδῶν
713 1382 857 1444 ὀχλονμὲνοις
881 1384 1028 1429 τσὶνοσούσι

73 1455 107 1498 καὶ
127 1454 266 1509 δαιμονῶσι5
288 1450 327 1504 τάς
355 1464 429 1514 χεῖρας
450 1456 539 1503 anioala
561 1455 597 1499 ναὶ
624 1450 747 1510 εὐξάμενος
769 1455 805 1498 ναὶ
826 1452 951 1511 ἰασάμενος
972 1449 1029 1497 dard-

73 1527 123 1569 λοσε
138 1523 190 1573 aeda
204 1524 289 1586 ὄχλους.
324 1526 360 1589 ναὶ
376 1522 420 1570 εἶδ’
436 1523 506 1574 οὕτως
516 1522 595 1588 εἰσιών
610 1526 654 1571 τών
670 1521 858 1581 συνηθεστέραν6
882 1522 940 1568 illan
956 1532 1029 1579 μενα-

73 1593 147 1653 λιιβδν
161 1593 274 1640 ὕπνωσεν.

73 1741 111 1791 tet,
127 1741 212 1790 appetat.
246 1735 278 1778 Sic
299 1748 382 1789 quoqne
402 1735 493 1777 nonnulli
508 1715 610 1777 voluntate
626 1735 698 1778 divites
721 1748 782 1790 opurn
805 1742 852 1778 sunt
872 1750 985 1794 pauperes,
1009 1742 1053 1781 etan

73 1813 173 1860 tanlquam
188 1806 305 1849 facultatum
322 1806 388 1860 cupidi
403 1808 519 1860 puniuntur.
550 1805 590 1849 Sed
606 1818 645 1847 neo
660 1806 715 1860 quod
732 1807 804 1861 aliquis
820 1807 845 1849 sit
860 1820 945 1864 pauper,
962 1809 1028 1851 statim

2 1927 4 1942 η
69 1878 137 1931 ¹justus
154 1883 189 1919 est.
219 1879 287 1920 Potest
303 1878 377 1932 quippe
392 1889 470 1931 pauper
485 1889 532 1920 esse
547 1878 643 1931 pecnnia,
665 1883 685 1919 at
700 1882 751 1919 earn'
764 1890 851 1932 cupere,
872 1885 907 1922 aut
921 1879 941 1920 id
957 1879 1027 1921 facere

1 1995 4 2004 ,
73 1948 127 2002 quod
143 1949 252 2002 praecipue
268 1960 310 1989 non
326 1949 440 2002 oportebat.
470 1948 519 1990 Narn
535 1949 568 1990 vel
583 1949 637 1991 idola
653 1949 713 2004 colit,
728 1950 762 1991 vel
777 1949 912 2007 blasphemat,
931 1951 964 1992 vel
979 1950 1027 1992 for-

1 2069 4 2088 4
71 2019 160 2075 nicatur,
177 2020 208 2060 vel
223 2018 362 2061 indifferenter
374 2021 433 2076 vivit,
448 2022 552 2076 perJurus,
567 2019 664 2077 mendax,
681 2026 715 2062 aut
730 2020 822 2073 infidelis.
857 2020 966 2063 Caeterum
980 2021 1026 2062 illa-

71 2090 135 2142 gister
150 2095 220 2131 noster
235 2089 305 2131 fideles
320 2102 422 2144 pauperes
437 2091 509 2134 beatos
524 2090 655 2147 praedicavit,
672 2103 751 2145 eosque
766 2102 809 2131 non
825 2091 881 2133 velut
893 2091 967 2145 aliquid
983 2092 1052 2133 lar-25

73 2161 162 2215 gientes:
181 2173 249 2215 neque
265 2162 318 2202 eninr
333 2161 446 2203 habehant:
467 2162 503 2204 sed
520 2162 576 2217 quia,
599 2173 645 2203 curm
660 2161 709 2203 nihil
723 2167 844 2218 peccarent,
866 2164 892 2204 ob
915 2163 934 2204 id
957 2163 1027 2220 solurn,

73 2231 128 2286 quod
143 2231 222 2285 inopiae
238 2244 289 2286 crgo
306 2232 456 2286 eleemosynam
472 2245 514 2274 non
529 2232 636 2286 faciehant,
652 2233 785 2275 condemnari
795 2239 947 2286 nonpoterant.
978 2234 1027 2275 Turn

71 2309 138 2357 pater:
154 2316 204 2345 vere
220 2315 305 2357 prorsus
320 2304 432 2345 secundani
447 2305 571 2357 propositam
589 2305 731 2357 quaestionem
752 2317 786 2346 res
805 2296 900 2345 videntur
915 2311 973 2347 recte
988 2305 1028 2346 ha-

72 2374 133 2416 bere:
149 2387 212 2429 quare
227 2375 287 2417 statui
302 2379 364 2416 totarn
378 2373 450 2415 ordine
465 2373 536 2415 audire
552 2373 671 2415 doctrinam.

129 2444 161 2488 XI.
191 2445 216 2487 Et
229 2446 312 2488 Petrus:
326 2445 396 2498 itaque
411 2443 508 2498 deinceps
524 2434 612 2486 studenti
628 2444 662 2485 tihi
677 2443 757 2486 discere
773 2456 827 2498 quae
843 2444 867 2485 ad
883 2450 974 2486 nostram
990 2457 1051 2490 rc-ao

72 2517 169 2572 ligionenr
185 2517 286 2570 pertinent
301 2516 366 2557 debeo
386 2516 458 2557 ordine
479 2528 585 2570 exponere
601 2514 722 2570 doctrinam,
744 2514 768 2556 ah
789 2516 834 2569 ipso
856 2516 955 2570 incipiens
975 2517 1026 2573 Deo,

73 2594 93 2629 et
108 2587 228 2642 ostendens,
244 2587 309 2641 ipsura
325 2587 391 2629 solurn
404 2587 443 2629 diei
458 2586 535 2628 debere
549 2586 624 2640 Deum,
643 2586 693 2628 alios
709 2599 760 2629 vero
784 2599 822 2628 nec
838 2586 877 2628 dici
893 2599 932 2628 nec
954 2587 1025 2629 existi-

72 2661 132 2715 rnari,
148 2659 250 2700 honrinern
266 2663 338 2713 autent,
355 2660 389 2713 qui
405 2670 464 2701 secus
480 2658 563 2715 fecerit,
579 2663 677 2712 perpetuo
693 2656 791 2712 supplicio
806 2658 939 2713 multandum,
955 2660 1025 2713 utqui

73 2730 93 2770 in
108 2731 173 2784 ipsunt
193 2730 337 2771 universorum
352 2730 461 2772 llorninurn
481 2731 568 2771 inaxirne
585 2728 656 2782 irnpius
678 2728 783 2771 exstiterit.
819 2727 888 2782 Atque
908 2729 938 2772 his
962 2729 1025 2784 dictis,

73 2814 160 2856 euinque
176 2801 242 2855 aliqua
257 2802 391 2855 perpessione
406 2802 516 2858 infestatis,
532 2801 695 2857 aegrotantibus,
712 2804 732 2842 et
746 2800 884 2842 daemoniacis
896 2801 1051 2854 iinposuissetss

73 2885 153 2929 rnanus,
169 2875 217 2915 itant
231 2878 327 2927 precatus
344 2879 399 2915 esset
414 2886 438 2915 ac
453 2885 490 2915 eos
506 2878 607 2927 curasset,
631 2871 704 2914 dimisit
722 2871 824 2926 populum.
862 2872 888 2913 Et
906 2877 977 2925 postea
998 2872 1025 2914 ita

73 2948 190 3002 ingressus,
206 2945 266 2987 solito
281 2944 388 2986 adrnoduin
405 2946 451 2988 cito
466 2951 570 3001 percepto,
586 2956 609 2986 se
624 2955 696 2985 sornno
713 2944 773 2986 dedit.

104 3046 122 3082 1.
150 3043 262 3093 lutatius.
279 3040 536 3093 Gredner,lleitr.l,307.S.
570 3044 608 3093 .3·
638 3039 704 3093 ἔχουσι
720 3042 741 3079 O.

101 3107 121 3141 2.
150 3102 176 3139 lta
192 3102 213 3149 S,
234 3096 266 3141 ὅτι
284 3095 343 3151 μηδὲν
359 3097 536 3154 &paupertatulae
589 3103 608 3138 4.
639 3097 724 3152 λε’λέγειν
739 3100 787 3149 [sic]
804 3098 824 3136 0,

75 3165 93 3197 et
108 3161 133 3210 Ο,
149 3160 178 3209 qni
195 3172 229 3199 orn.
245 3172 284 3208 seq.
301 3154 333 3199 καὶ
350 3172 360 3198 a
375 3162 387 3198 S
404 3163 488 3201 additurn.
503 3156 537 3212 τὴν
592 3161 609 3197 5.
640 3155 756 3211 δαιμονῶσι
771 3158 790 3195 G·

77 3215 104 3258 ἕλ.
121 3221 133 3260 S
149 3218 225 3271 0,της
240 3217 268 3260 ἑλ.
284 3218 303 3256 C.
593 3222 611 3256 6.
643 3215 734 3270 συνήθων
750 3217 771 3265 0,
787 3216 835 3264 quod
850 3219 937 3263 praestat.
