2276 3612
542 237 569 280 ὦ
635 289 636 293 ¹
915 236 1037 284 nmen

11 367 12 370 ’
77 357 118 414 τῆς
133 350 239 410 τοιαύτης
256 349 368 404 α’πονοίοις
380 346 518 397 παύεσθαι1
533 353 751 411 σννεβοολεόοαμεν,
766 346 949 409 λέγοντεςαοίτῴ*
964 347 1037 404 ἡμεῖς,

80 426 169 481 Σίμων,
189 426 230 480 της
249 429 271 470 εἰι
293 423 379 468 παίιλων
399 421 476 475 φιλίοις
492 419 548 478 πρός
563 441 587 467 σε
608 424 767 481 μεμνιμιένοι,
783 419 916 476 στέργοντὲς
937 418 986 470 0⁶²2
1008 415 1035 462 τό
1090 439 1093 446 ”

78 495 220 552 συμφέροντα
236 489 439 552 συμβουλεύομεν·
457 493 545 536 πτύσαι
561 494 600 549 τῆς
614 493 722 549 τοιαύτης
736 490 833 550 τόλμης·
854 485 910 538 θεός
930 490 989 533 εἶναι
1009 485 1037 532 οὐ

80 564 188 611 δύνασαι·
206 561 324 623 φαβηθητι
338 557 379 604 τόν
395 556 465 610 ὅντως
481 557 552 612 Θεόν,
567 564 640 619 γνώθι
655 560 690 607 ὅτι
706 561 829 617 ἄνθρωπος
851 561 873 604 εἷ
891 559 928 604 καὶ
943 558 978 602 ότι
994 575 1035 603 σου

76 632 155 691 μιαρός
170 638 231 680 ἐστιν
246 631 258 678 ό
273 633 313 689 της
329 630 384 686 ζωης
399 629 485 688 χρόνος.
513 627 556 675 ndo
571 626 677 688 pcsydln³
692 633 791 688 πλοντῇς
805 628 820 687 ‘d
836 632 872 675 ταὶ
885 627 1050 687 βασιλεόσης,5

74 706 103 761 τῷ
119 703 159 761 της
175 704 230 761 ζωῆς
245 718 285 748 σου
299 699 371 757 μικρῷ
384 698 455 759 χρόνῳ
470 695 536 757 ὀλίγα
551 697 655 760 τνγχοίνει
670 699 726 756 πρὸς
741 697 875 753 εἷπόλανσιν,
890 701 927 745 ναί
948 694 1036 756 α’σεβως

76 775 230 831 πορισθέντα,
245 765 333 819 εὐθέως
349 766 479 827 φεύγοντα,
494 770 589 815 αἰωνίαν
604 766 697 814 adlecta
713 781 860 823 περιποιεῖται
875 773 905 828 cpi
921 771 1036 825 τετολμη-

76 840 131 889 αότι.
161 840 194 887 dni
210 839 336 898 φοβεῖσθαί
352 856 386 884 σοι
401 834 442 884 τόν
458 837 519 885 Θεὸν
534 835 736 896 συμβουλεύομεν,
759 836 795 894 ὑφ’
814 831 841 883 οὗ
860 840 967 897 ιιριθηναι
987 843 1034 898 ἔχει

75 911 89 971 ἡ
105 911 201 958 andoeno
217 906 278 970 ψνχη
293 910 343 965 περὶ
358 900 388 953 σίν
403 912 500 964 ἔπραξεν
514 909 625 955 ἐνταῦθα.

131 981 203 1025 XXIX.
232 978 262 1024 ‘0
278 979 301 1024 dl
319 981 392 1024 nerino
407 974 506 1029 οίιιοιίσσς
521 979 634 1037 ἐγέλασεν.
671 976 734 1035 ἡμῶν
751 978 773 1021 dl·
789 977 912 1031 εἰπόντων,
929 978 953 1022 τί
967 974 1059 1034 circulato

75 1051 103 1096 τοί
120 1068 154 1097 σοι
170 1049 314 1106 συμφέροντα
331 1046 534 1108 συμβουλευόντων
549 1048 689 1106 ααταγελιῖςι
705 1052 761 1104 ἔφη,
777 1048 831 1103 γελῶ
845 1046 912 1103 τίμιόν
926 1043 969 1104 τὴν
984 1066 1032 1102 μω-

75 1119 116 1178 ριίν
130 1116 262 1175 ν’πόληψιν,
276 1116 311 1163 ὅτι
327 1119 446 1166 πιστεύετε
461 1117 583 1164 αίθιίνοιτον
598 1119 657 1163 εἶναι
674 1114 716 1173 την
732 1119 774 1160 τοι]
792 1113 916 1173 α’·νθροίπον
931 1112 1032 1175 deprimi

75 1187 133 1246 ια’γοί
148 1194 218 1245 ἔφην,
240 1185 268 1231 στί
283 1187 446 1244 θαυμάζομεν,
468 1182 484 1232 ὦ
501 1189 592 1245 Σίμων,
612 1190 632 1232 εἰ
647 1182 710 1242 ἧμας
729 1183 823 1232 α’παταν
838 1191 962 1246 ἐπιχειρεῖς,
984 1184 1031 1232 ἀλλ’

75 1254 255 1315 ὲιιπεπληγμεθα
269 1257 314 1302 τίνι
330 1255 435 1314 λόγῳναί
450 1256 533 1302 ἑαυτόν
549 1253 646 1315 einardo.
690 1256 739 1313 λε’γε
760 1273 801 1310 μοι
815 1252 833 1299 ὦ
848 1257 926 1312 Σίμων
932 1290 939 1309 ,
959 1259 979 1300 εἰ
993 1256 1030 1300 ταί

74 1329 119 1374 των
133 1326 206 1373 όίλλων
221 1324 294 1375 οὐδεὶς
309 1325 507 1382 πεπληροφόρητοιι
523 1324 646 1372 dedocent
660 1326 719 1370 εἶναι
735 1322 778 1383 την
792 1325 873 1383 ψνχην,
890 1322 937 1371 ἀλλ’
953 1319 1057 1381 odrysio

75 1394 101 1444 od
115 1397 152 1442 καί
167 1392 247 1451 ἡμεῖς,
262 1393 290 1440 ον’
306 1396 350 1450 μὲν
366 1391 394 1444 ως
410 1390 554 1451 ανθρωπείον
570 1393 673 1451 σώματος
688 1396 783 1453 χωρίσας
799 1390 873 1449 αὐτην
894 1396 930 1439 ταὶ
946 1410 1031 1449 προσο-

74 1465 172 1521 μιλήσας
188 1465 224 1508 ταί
238 1460 355 1515 ἐπιτάξας,
379 1461 445 1520 ἡμεῖς
465 1465 488 1510 di
505 1460 534 1514 τίς
549 1463 705 1520 σωμπορόντες
719 1465 756 1508 ταί
772 1458 814 1519 την
834 1458 944 1520 ἐπιταγὴν
960 1458 1030 1507 dnov'-

75 1551 155 1582 σαντες
170 1534 209 1578 ναί
222 1532 248 1579 τό
263 1532 403 1580 τελειισθὲν5
418 1536 515 1593 ε’ναργως
530 1532 697 1592 ἱστορήσαντες.
738 1533 775 1579 ιαί
791 1528 803 1576 ό
821 1533 899 1588 Σίμων
915 1537 967 1589 ἔφη,
989 1530 1029 1590 dyo}

74 1607 118 1660 μὲν
135 1603 183 1649 oddo
198 1603 221 1648 τί
236 1603 321 1660 λέγετε,
339 1600 403 1662 ὑμεῖς
426 1604 449 1648 dl
471 1599 514 1648 oo'n
535 1603 611 1648 οἴόατε
635 1604 685 1658 περί
705 1602 773 1647 τίνων
793 1603 931 1659 διαλέγεσθε.
966 1597 1031 1647 nato

74 1744 191 1800 desisteret,
212 1742 303 1784 dieentes
319 1742 348 1783 ei:
364 1754 413 1796 nos,
437 1742 517 1798 Simon,
538 1744 647 1799 amicitiae,
670 1755 730 1797 quarn
754 1748 822 1783 tecum
843 1755 855 1783 a
873 1742 960 1795 pueritia
976 1756 1056 1796 con-20

74 1813 183 1869 maximus,
204 1824 319 1867 memores,
342 1817 404 1864 teque
426 1818 529 1867 amantes,
550 1812 606 1854 utilia
630 1813 765 1854 consulimus:
786 1823 845 1854 cessa
866 1812 891 1853 ab
914 1812 1031 1867 hujusmodi

75 1882 147 1924 audaci
161 1882 262 1924 facinore:
277 1882 333 1924 Deus
349 1893 396 1922 esse
411 1887 538 1935 nonpotes:
561 1882 609 1923 time
625 1882 722 1936 eurnqui
733 1882 847 1924 vereDeus
860 1887 900 1924 est:
916 1894 1030 1937 cognosce,
1053 1883 1054 1886 ’

73 1959 93 1994 te
109 1965 156 1995 esse
171 1952 284 2006 hominem,
300 1950 405 2005 breveque
421 1965 468 1995 esse
482 1958 562 2005 tempus
576 1953 631 1993 vitae
646 1957 700 1994 tuae.
731 1952 857 2006 Quamquam
872 1952 982 1994 admodum
993 1954 1028 1995 lo-

73 2023 142 2076 cuples
157 2023 190 2064 vel
206 2023 265 2063 etiam
280 2033 319 2063 rex
334 2022 415 2076 evadas,
431 2022 507 2076 exiguo
523 2023 578 2063 vitae
593 2022 658 2075 spatio
673 2033 739 2073 pauca
755 2028 802 2064 sunt
817 2022 891 2076 quihus
906 2022 992 2066 frueris:
1008 2029 1029 2066 et

73 2105 126 2147 quae
140 2092 201 2146 impie
215 2096 273 2145 parta
289 2097 346 2147 sunt,
362 2104 408 2133 curn
423 2093 462 2133 cito
478 2092 564 2147 fugiant,
579 2097 686 2132 aeternum
702 2091 821 2145 supplicium
830 2091 905 2134 homini
920 2094 1054 2142 sceleros025

74 2167 198 2216 comparant.
228 2161 297 2210 Quare
314 2165 409 2204 auctores
424 2161 459 2202 tibi
474 2174 555 2216 sumus,
570 2161 636 2203 Deum
651 2161 753 2216 verearis,
775 2173 843 2216 aquo
864 2163 952 2217 judicari
967 2164 1028 2206 debet

74 2233 235 2286 uniuscnjusque
250 2232 316 2272 anima
329 2243 367 2285 pro
382 2232 406 2274 iis
421 2244 475 2286 quae
489 2231 522 2272 liic
538 2232 608 2286 gessit.

129 2302 200 2345 XXLli.
229 2302 285 2343 Haec
299 2302 332 2343 ille
347 2303 431 2345 audiens
446 2302 495 2345 risit.
526 2301 618 2356 Cumque
634 2301 759 2344 diceremus:
781 2313 817 2342 cnr
837 2313 875 2344 nos
893 2302 977 2358 irrides,
994 2304 1029 2358 qui

74 2373 108 2414 uhi
122 2374 178 2415 utilia
193 2373 317 2416 suademus?
346 2372 420 2428 Rideo,
435 2374 510 2427 inquit,
527 2372 607 2414 stultam
623 2373 741 2434 opinionem
756 2377 852 2426 vestram,
869 2373 923 2426 quod
940 2373 1027 2417 credatis

73 2443 205 2485 immortalem
222 2456 268 2486 esse
284 2445 369 2486 animam
382 2443 473 2485 hominis.
503 2443 529 2484 Et
544 2454 585 2497 ego
600 2444 709 2497 respondi:
731 2455 774 2484 non
790 2444 899 2498 miramur,
923 2443 1052 2499 oSimon,³0

73 2513 90 2553 si
104 2512 174 2554 fallere
189 2525 228 2555 nos
244 2514 337 2570 conaris,
351 2513 389 2556 sed
404 2513 578 2567 obstupescimus,
602 2524 643 2566 qua
657 2514 738 2555 ratione
753 2513 813 2553 etlam
829 2513 915 2566 teipsum
931 2513 1025 2566 decipias

73 2582 140 2623 Ellare
155 2583 211 2637 milri,
227 2583 306 2639 Simon,
330 2585 369 2628 etsi
384 2585 468 2626 aliorum
484 2596 545 2626 nemo
561 2588 687 2636 compertum
702 2583 789 2637 haheat,
812 2584 898 2624 animam
919 2595 965 2626 esse
985 2584 1025 2624 im-

73 2653 184 2708 mortalem,
200 2658 221 2694 tu
237 2658 304 2693 tamen
320 2659 340 2695 et
354 2665 392 2696 nos
408 2653 516 2695 habemus:
530 2659 552 2695 tu
567 2652 654 2706 quidem,
670 2657 692 2693 ut
707 2652 742 2705 qui
757 2665 802 2694 eam
813 2666 824 2694 a
837 2666 926 2707 corpore
937 2653 1024 2694 hnmano

73 2723 179 2777 diremisti,
194 2723 228 2776 qul
244 2723 357 2767 collocutus
373 2737 405 2780 es,
422 2724 456 2778 qni
471 2723 583 2777 imperasti:
598 2734 636 2764 nos
651 2734 714 2777 vero,
731 2728 753 2764 ut
769 2724 803 2776 qui
819 2723 928 2776 adfuimus,
949 2728 969 2763 et
983 2723 1023 2763 im-

73 2794 150 2846 perium
166 2793 286 2848 andivimus,
308 2799 329 2835 el
351 2795 406 2849 quod
421 2795 500 2849 jussum
521 2799 553 2836 est
567 2792 652 2834 vidimus
675 2792 737 2833 clare.
773 2793 799 2835 Et
814 2793 883 2835 Simon
904 2792 961 2833 dixit:
983 2805 1050 2847 eg035

73 2863 153 2916 quidem
169 2863 211 2905 scic
228 2861 276 2916 quid
292 2863 371 2919 dicatis,
394 2876 431 2907 vos
454 2868 521 2905 autern
541 2862 623 2906 nescitis
646 2861 672 2903 de
692 2862 766 2917 quibus
781 2863 896 2918 loquamini.
933 2861 958 2903 lit
974 2862 1023 2905 dixit

104 2983 121 3018 l.
151 2977 270 3021 παόσασθοιι
286 2983 305 3020 d.
589 2983 607 3019 5.
637 2981 663 3018 lta
679 2981 693 3019 0
710 2994 726 3020 c.
743 2983 763 3031 S,
778 2978 898 3022 astron-ilc.
929 2979 1023 3022 ΑιιῑεΣί-

102 3041 437 3095 arnfflamnmud
558 3035 824 3092 mmmmmdcd

102 3100 121 3134 3.
151 3095 201 3150 μέγα
217 3100 236 3137 C.

78 3208 82 3221 ‚
103 3157 121 3192 4.
151 3152 186 3206 τὴν
200 3157 236 3196 τοῦ
250 3155 297 3198 ιλνθ.
313 3165 337 3210 ψ.
354 3159 379 3209 C,
402 3158 432 3208 qni
448 3158 534 3207 deinceps

71 3226 156 3252 αππιαν
170 3211 228 3266 ἡμᾶς.
