2276 3612
544 220 586 265 235
967 218 998 268 xr,
1016 220 1048 257 ιο.

84 348 121 393 dtu
140 337 276 398 decapenta,
298 338 329 390 εἷς
350 339 373 384 dt
394 354 428 387 τις
448 335 517 387 ὄντας
537 339 616 383 ideam
632 335 761 395 ιλιινιέιιενος
776 351 820 390 την
837 326 911 378 αὐτον
904 329 1048 377 οἷνολιλοτον

83 412 116 496 ιιη
132 411 260 469 προσφέρει,
275 407 425 469 λογιοαιιενος
441 404 485 461 ὅτι,
501 405 530 452 du
546 404 614 457 αὐτὸς
629 404 777 466 θεραπεύσῃ,
792 403 882 451 ditos
872 400 1050 461 επιγρολφονται,
1080 464 1082 467 Ι

84 482 190 532 οὕτωκαὶ
207 499 219 525 ο
213 477 300 533 Θειλς,
315 475 374 537 ιιετολ
391 479 482 523 πολλαν
497 472 634 535 ολξιοιλιιενος
648 480 692 522 τῶν
707 479 780 535 μηθέν
793 475 938 556 ιληναιιέναν,
954 467 997 518 ονίι
1012 470 1049 517 εὖ·

83 561 170 633 αργιτεῐ
208 570 229 596 τι
246 544 297 602 οὖν,
313 548 389 606 φησίν,
410 566 421 592 ο
415 543 520 645 ‘Olario
511 549 546 593 επλ
562 545 633 605 τούτῳ
646 545 778 635 οἷγαγαγτεῖ,
792 544 832 592 εἀν
846 562 872 603 γε
889 539 963 588 αὐτοῦ
975 548 1049 598 depo-

84 621 194 670 πεύοννος
209 618 300 670 ἄλλος’
290 615 474 677 εττιγραφηταιῙ·
466 653 473 675 ,
496 619 564 675 φηιιέ,
579 621 599 662 εἰ
615 617 651 662 aad
667 613 700 674 ,ειη
714 615 841 701 οἷγαναιιτεῑ,
856 611 905 662 αλλ’
921 629 964 659 ουν
979 630 1005 671 γε
1021 607 1064 662 οθλ

84 690 166 739 θέλει2
185 693 227 748 τῆς
248 688 338 745 ολπτλτης
354 704 459 745 οννεργος
474 690 590 746 γενέσθαι.
621 684 692 731 ου’τοιλ
707 685 750 744 γιλρ
765 683 954 743 εὐεργετήσαντος
971 685 1007 730 ναὶ
1024 680 1049 728 τὸ

83 762 153 824 ιιηιλέν
173 762 272 817 ποιηοαν
291 761 385 804 εἴδωλον
400 753 429 809 οἷς
445 759 546 815 ιλανηιλέν
561 760 692 804 πιστοῦται.
727 752 782 802 dltd
799 755 857 813 τοῖγώ
873 758 933 815 pumpil
948 775 992 810 oet,
1007 756 1049 802 52³

84 832 115 892 ιη’
132 832 228 890 φνοιιολς
241 826 332 888 ηἶιλλνογτο
349 827 405 885 πρὸς
420 827 551 888 οἲναέοθητα
566 828 706 885 ἐπτοημένος
716 827 734 879 4,
749 831 799 876 λοας
815 825 843 871 tiu
858 830 894 874 ναλ
906 831 977 874 τοῦτο
987 826 1048 874 ν’πο-

83 901 220 964 ιιειιενηιιει’
238 895 272 945 did
289 898 378 958 νήψατε
389 896 398 926 ⁵
409 896 469 958 ν’πέρ
483 901 523 958 της
539 900 648 958 σωτηρίας
663 896 690 943 τιέ
707 896 790 955 εὔλογα
808 906 875 943 νοεῖν.
906 896 917 943 o‘
934 897 991 950 Θεὸς
1004 898 1048 958 γολρ

84 969 188 1029 α’νενιλεης
204 966 235 1015 ολν
250 964 319 1020 αὐτὸς
335 966 427 1020 eadwig
441 971 517 1024 θεῖναι,
533 969 587 1017 οὔτε
601 967 738 1029 βλάπτεται.
762 964 828 1052 ἦιιολν
839 967 882 1027 γολρ
893 973 939 1015 ἐστι
950 966 975 1016 τὸ
988 965 1045 1030 α’φε-
1053 983 1072 1017 10

83 1048 169 1090 teroem
186 1060 195 1086 ι
191 1039 368 1099 λιλλολπτεοθαι.
399 1040 469 1099 ὅνπερ
483 1060 527 1100 γαρ
543 1040 629 1100 τρόπον
647 1039 753 1098 Καῖσαρ6
770 1039 821 1086 odes
834 1039 1046 1099 βλασφηιιούιιενος

81 1110 216 1174 βλαπτεται,
238 1109 290 1156 οὔτε
306 1109 513 1180 εὐχαριοτοιλιιενος
527 1107 584 1168 noel
587 1122 652 1167 εῖται,
668 1106 725 1157 aitte
742 1112 783 1157 τοι]
799 1128 986 1170 ενχαριοτοοννος
1000 1116 1045 1169 ιιέν

81 1200 168 1244 γινεται
188 1201 214 1228 το
209 1179 364 1264 o'arodvnou,
379 1200 421 1227 τον
437 1184 460 1229 ut
450 1183 673 1242 έβλααφηιιοθνοος
688 1179 793 1240 ὄλεθρος,
806 1180 881 1230 οὕτως
896 1185 917 1226 οἱ
934 1178 1032 1228 Θεον’
1009 1201 1046 1228 εα-

83 1254 213 1313 ιιηιιούντες
229 1247 301 1298 αὐτὸν
316 1255 361 1305 ιιὲν
376 1249 426 1298 ου’έέ
419 1269 442 1297 ν
457 1248 597 1310 αιιελοιλοιν,
619 1248 716 1302 ἑαντους
731 1254 754 1298 δέ
770 1252 940 1309 οώζονοιν,ἰ
910 1271 940 1310 οι
943 1270 994 1303 οιας
1008 1254 1044 1298 noi

82 1330 103 1371 oi
116 1323 310 1382 βλασφημοῦντες
325 1318 397 1368 αὐτὸν
411 1326 456 1380 ιιλν
472 1320 514 1370 οὖν
528 1318 654 1377 αἰλιιιοιλοιν,
669 1318 736 1369 αὐτοὶ
752 1324 775 1370 dt
791 1318 963 1381 ὄλοθριιλονται.
1052 1328 1071 1363 15

138 1393 163 1438 X.
193 1387 273 1444 Ἀλλά,
288 1393 365 1450 φησίν,
380 1388 421 1453 οὐχ
438 1388 520 1452 ἆιιολοις
536 1388 570 1437 ἐπ’
580 1389 707 1451 ανθρώπου
722 1395 758 1439 net
770 1394 838 1440 Θεοῦ.
869 1388 1045 1451 οιλιιφηιιινοῖγολ

82 1548 140 1592 trous,
156 1535 191 1590 qui
205 1547 280 1577 revera
295 1539 365 1588 potest
379 1533 464 1590 mederi,
479 1534 594 1577 remedium
609 1546 669 1577 suum
686 1545 728 1575 non
744 1533 838 1589 porrigit,
854 1545 924 1576 secum
940 1537 1046 1588 reputans,

82 1607 143 1663 quod,
159 1607 197 1649 etsi
208 1607 252 1661 ipse
268 1606 380 1660 sanaverit,
397 1604 519 1647 attribuetur
535 1605 585 1660 aliis,
601 1605 629 1647 ita
645 1610 666 1646 et
680 1604 743 1661 Deus,
758 1616 799 1646 una
815 1616 862 1646 cum
878 1604 945 1646 multis
961 1604 996 1658 qui
1011 1604 1045 1645 ni-

81 1680 107 1721 hil
121 1682 209 1732 possunt
223 1681 316 1732 rogatus,
332 1688 374 1718 non
389 1682 481 1731 praestat
495 1677 625 1720 beneficium.
656 1676 708 1726 Quid
721 1689 789 1732 ergo,
805 1677 882 1732 inquit,
897 1676 955 1720 Deus
970 1675 1045 1718 ideone

81 1750 203 1804 Indignatur,
219 1748 242 1803 si,
258 1759 304 1788 oum
319 1748 363 1802 ipse
379 1752 443 1802 curet,
458 1747 587 1790 adscribatur
602 1747 681 1789 alterii
716 1747 850 1804 Respondet),
865 1748 913 1791 licet
929 1760 972 1791 non
987 1747 1070 1790 indi-20

82 1825 161 1875 guetur,
177 1810 322 1862 attamen'non
338 1818 381 1860 vult
397 1830 444 1860 esse
461 1820 538 1861 erroris
555 1818 643 1873 adjutor.
677 1819 787 1875 Postquam
805 1821 858 1862 enim
874 1822 919 1875 ipse
934 1820 1045 1876 benefecit,

82 1893 140 1934 etiam
158 1891 246 1945 idolum,
268 1890 324 1943 quod
346 1889 395 1930 nibil
418 1891 468 1945 egit,
491 1896 595 1944 tamquam
614 1890 689 1932 etfieax
708 1890 768 1931 fidem
788 1891 867 1945 accipit.
907 1891 949 1932 Sed
966 1896 986 1932 et
1001 1903 1042 1946 ego

80 1963 114 2005 tibi
130 1961 187 2017 dico,
209 1960 248 2002 nisi
263 1961 347 2015 propria
363 1965 383 2001 et
398 1961 486 2002 naturali
499 1961 574 2015 injuria
590 1961 718 2016 afficeretur,
741 1961 823 2016 quaudo
838 1973 880 2004 una
896 1974 943 2003 cum
959 1974 1042 2003 sensum

80 2044 121 2074 non
144 2031 266 2074 habentibus
285 2031 368 2074 timetur
389 2044 413 2074 ao
433 2032 540 2089 adoratur,
560 2032 615 2075 forte
632 2032 672 2075 hoo
688 2033 749 2075 etiam
765 2034 883 2076 sustineret.
913 2033 1044 2089 Quapropter

81 2115 143 2145 curae
163 2104 189 2147 sit
207 2102 277 2157 vobis,
297 2108 320 2144 ut
340 2102 415 2144 rationi
435 2108 575 2146 consentanea
595 2116 633 2158 pro
654 2103 720 2146 salute
741 2109 811 2147 vestra
832 2103 956 2160 intelligatis.
985 2103 1069 2147 Deusta

82 2174 134 2215 euim
154 2174 193 2216 sibi
212 2172 318 2217 sufficiens
335 2172 391 2214 nullo
412 2172 496 2228 indiget,
517 2185 586 2227 neque
600 2173 695 2231 laeditur.
726 2173 823 2216 Nostrum
840 2174 914 2229 quippe
930 2180 962 2217 est
975 2176 1044 2230 juvari

81 2250 115 2286 aut
128 2245 188 2286 laedi.
218 2243 269 2285 Nam
285 2244 338 2285 sicut
353 2242 430 2285 Caesar
444 2256 514 2299 neque
528 2244 641 2286 maledictis
656 2244 751 2301 laeditur,
766 2258 835 2300 neque
851 2246 962 2299 gratiarum
976 2246 1043 2288 actio-

80 2316 138 2357 nibus
151 2316 246 2370 juvatur,
262 2313 310 2370 sed,
327 2315 361 2369 qui
377 2315 452 2370 gratias
468 2315 520 2370 agit,
536 2316 667 2358 securitatem
684 2315 755 2372 habet,
772 2316 806 2371 qui
817 2317 919 2359 maledicit
929 2318 1043 2359 interitum:

80 2386 107 2427 ita
128 2385 162 2440 qui
182 2385 248 2426 Deum
267 2384 361 2426 laudibus
383 2390 548 2441 prosequuntur,
568 2386 635 2440 ipsum
651 2399 783 2442 nequaquam
800 2387 912 2442 adjuvant,
935 2388 972 2431 sibi
989 2400 1041 2431 vero

79 2456 128 2508 ipsis
151 2456 236 2499 salutern
256 2454 354 2511 afferunt,
376 2455 462 2509 parique
481 2455 556 2511 modo,
580 2457 615 2511 qui
629 2457 728 2499 conviciis
743 2463 852 2514 appetunt,
868 2459 887 2500 ei
903 2458 985 2513 quidem
1001 2470 1067 2504 monto

80 2524 156 2568 iaciunt
170 2527 275 2582 injuriam,
290 2527 329 2580 ipsi
344 2539 395 2568 vero
412 2532 505 2581 pereunt.

137 2597 161 2639 X.
191 2597 238 2654 Sed,
259 2597 332 2651 inquit,
353 2609 395 2639 non
414 2597 505 2639 similiter
523 2598 545 2639 in
563 2597 646 2640 lronrine
665 2604 688 2655 et,
703 2598 756 2642 Deo.
795 2599 821 2642 Et
836 2611 877 2655 ego
892 2599 970 2657 fateor,
987 2601 1040 2655 quod

110 2826 127 2863 l.
158 2822 258 2877 ἐπιγραφῇ
275 2824 295 2862 θ.
570 2826 657 2864 attonitus
673 2831 746 2876 stupett
762 2828 781 2867 θ.
812 2830 880 2869 Recte:
896 2843 935 2869 nam
948 2830 1039 2870 aliusnon

108 2888 127 2921 2.
144 2881 195 2935 λέγει
210 2884 231 2922 θλ
248 2888 266 2922 et
281 2884 293 2922 S
310 2888 375 2921 contra
392 2884 450 2925 Godd.
464 2885 545 2923 auctori·
569 2884 683 2934 intelligitur,
700 2886 744 2935 qnid
760 2888 795 2928 sibi
810 2889 854 2928 velit
870 2887 984 2942 ιγνοικαλςγ
973 2884 1039 2942 ι’δίκη

79 2945 140 2982 tatem.
170 2942 286 2991 Sclrrvegleri
307 2944 413 2991 conjectura
431 2943 488 2984 θέλει
504 2945 545 2982 vul·
570 2956 599 2982 το,
616 2945 635 2982 θ.
652 2944 674 2982 fr.
692 2946 711 2986 G.
730 2950 762 2986 to.
780 2950 799 2988 S.

80 3005 122 3048 gata
105 3002 238 3040 λλοελίολ
210 3007 238 3041 est
253 3014 282 3051 ap
298 3001 317 3040 θ.
599 3004 617 3041 5.
649 2998 799 3058 ὑπομεμενηκει,
808 3002 831 3046 δι’
842 3002 976 3073 ιλνηιγαεεθ,
1000 3008 1038 3047 Le-

107 3061 126 3097 3.
143 3075 159 3099 ει
176 3061 263 3100 Oeten
278 3071 320 3109 oon
317 3060 421 3109 eerc,1n
433 3073 467 3110 cu
478 3055 542 3111 errtp
568 3060 604 3099 ctio
625 3073 648 3099 ex
668 3062 682 3100 0
704 3065 758 3103 allata
779 3067 839 3104 locum
859 3065 912 3104 nimia
929 3070 1035 3116 corruptela

107 3121 127 3157 4
156 3120 190 3157 Per
205 3133 234 3159 me
253 3120 297 3159 licet
317 3130 372 3158 sensu
394 3120 453 3160 activo
470 3132 542 3158 smnere
566 3120 616 3169 prius
632 3122 749 3163 laborantem
762 3124 787 3162 ita
802 3123 894 3174 dilucidat,
910 3131 929 3164 ut
938 3128 1035 3176 conjeci

78 3172 198 3242 ἐπτοημένος
220 3192 242 3217 ao
261 3184 347 3218 vertero:
376 3180 423 3221 „nisi
438 3180 521 3218 naturali
514 3185 542 3217 er
567 3179 591 3216 ris
607 3192 644 3218 non
661 3182 737 3231 amplius
754 3194 799 3232 opus
814 3182 843 3220 sit

78 3233 142 3283 injuria
161 3238 274 3290 afficeretur,
297 3238 327 3288 qui
345 3238 367 3277 ad
386 3251 441 3277 sensu
456 3239 540 3277 destituta
598 3243 616 3279 6.
647 3238 759 3293 καιοαρθ
