2276 3612
212 854 381 907 chunanus
400 855 521 905 nonnul
540 852 732 906 HOhlllLlARUhl
752 849 879 900 CODICES
898 850 965 899 MSS.

161 1062 178 1105 l.
210 1062 231 1103 ln
247 1062 375 1114 Defensicne
388 1074 428 1114 pre
446 1060 565 1103 Curionibus
581 1059 727 1113 Apostolorum
734 1062 758 1098 et
766 1057 864 1109 uptsrous
874 1057 994 1108 Pontificum
1002 1056 1070 1097 Fran-

100 1133 166 1175 ciscus
182 1134 294 1175 'l'urrianus
311 1146 322 1173 e
337 1132 373 1173 Ms.
391 1132 480 1186 quodam
496 1143 573 1186 graeca
590 1131 643 1185 citat,
660 1142 713 1184 quae
729 1129 749 1169 in
766 1127 876 1169 Clementis
892 1127 915 1168 R.
931 1127 1020 1168 Homiliis
1030 1138 1069 1167 re-

100 1203 212 1255 periuntur.
245 1202 290 1244 Alia
311 1201 464 1256 illataphrasten
480 1202 546 1255 olent,
571 1202 609 1243 alia
630 1201 654 1242 ad
671 1199 805 1241 Ottohoniani
819 1198 929 1239 lectionem
947 1202 983 1239 aut
1002 1209 1069 1250 prope

100 1272 210 1328 accedunt,
226 1279 260 1314 aut
275 1273 323 1314 nihil
339 1273 363 1314 ab
380 1285 405 1313 ea
420 1271 524 1313 differunt.
555 1271 690 1312 Nihilosecius
711 1280 798 1323 prorsus
818 1267 870 1309 alind
888 1273 920 1311 est
934 1280 958 1308 ac
974 1272 1068 1308 nostrum

100 1347 120 1383 et
134 1342 252 1385 Parisinum.
283 1342 305 1383 ld
321 1344 370 1385 satis
385 1354 438 1383 unus
453 1341 486 1383 ille
501 1342 560 1383 locus
575 1340 650 1394 prohat
672 1340 693 1380 in
713 1338 803 1393 Epistola
819 1339 913 1380 Turriani
937 1339 961 1380 ad
982 1337 1068 1379 Hosium

99 1410 228 1453 Gardinalem
244 1412 325 1468 allatus,
342 1424 403 1466 quem
419 1412 452 1452 hic
468 1411 532 1453 habes
547 1411 567 1452 in
584 1411 644 1452 Hom.
660 1409 719 1465 XVII,
736 1409 769 1452 15.

156 1482 176 1522 2.
209 1480 336 1535 „Colelerius
353 1482 458 1535 exemplar
473 1494 533 1524 snum
549 1486 655 1537 accurate,
671 1482 732 1523 immo
749 1481 859 1535 religiose,
875 1492 902 1521 ne
917 1478 1005 1521 litterula
1019 1478 1067 1531 qui-

99 1552 145 1593 dem
161 1558 245 1609 mutata,
263 1553 371 1608 descripsit
387 1566 414 1595 ex
434 1565 458 1594 ec
475 1553 548 1595 codice
570 1553 713 1607 Herodianum,
737 1553 852 1606 quinum,
875 1555 972 1605 quantum
998 1550 1067 1604 sciam,

98 1625 197 1677 temporis
211 1625 296 1679 injurias
310 1623 403 1679 pertulit,
420 1624 528 1666 Parisiensi
543 1623 610 1678 Regio
628 1621 685 1666 tols
704 1622 765 1678 (nunc
782 1620 848 1673 1196,
868 1622 885 1663 si
900 1626 958 1663 recte
975 1633 1068 1675 auguror

98 1706 125 1735 ex
140 1693 201 1736 [latai.
219 1693 267 1736 Cod.
283 1694 342 1737 hiscr.
358 1693 408 1735 Bihl.
425 1692 603 1745 caprearum.
619 1693 717 1748 homil,
733 1694 753 1733 in
769 1705 830 1746 quem
846 1693 927 1734 numeri
943 1691 1068 1734 Cotelerieni

97 1776 139 1805 non
156 1764 294 1820 conveniuntl.
324 1765 346 1805 In
362 1764 475 1806 subsidium
490 1764 581 1806 adhibuit
596 1763 742 1805 Clementinam
758 1763 872 1816 Epilomen‚
890 1775 950 1816 quam
967 1767 987 1803 et
1001 1763 1066 1815 ipsam

97 1833 175 1876 eboc.
192 1835 244 1889 Reg.
261 1834 274 1875 7
290 1834 411 1888 descriptam
427 1834 447 1874 iu
464 1846 527 1888 opere
544 1846 591 1888 suo,
614 1834 691 1886 primus
711 1838 759 1886 post
775 1833 903 1889 Turmbum,
925 1833 1000 1886 publici
1013 1833 1067 1887 juris

95 1904 149 1946 fecit.
180 1904 291 1946 Praeterea
306 1907 397 1947 excussit
413 1904 477 1947 Ccdd.
494 1906 545 1959 Reg.
564 1904 605 1946 148
620 1910 641 1947 et
656 1903 710 1955 604,
732 1904 766 1958 qui
787 1905 894 1945 continent
911 1904 998 1945 eandem
1014 1903 1065 1957 Epi-

95 1986 175 2028 lomen,
192 1974 228 2017 sed
244 1974 305 2029 paulo
322 1976 436 2017 auctiorem
452 1988 479 2016 ex
494 1975 627 2017 Homiliarum
651 1974 771 2028 fragmentis
796 1972 828 2029 (ci.
845 1986 899 2027 quae
922 1973 1065 2015 adnotavimus

96 2044 121 2084 ad
139 2042 172 2100 ll,
188 2043 281 2101 anuo]
299 2051 319 2087 et
334 2044 659 2101 333,18[taqueum-essm.
690 2044 715 2086 lis
729 2044 822 2087 subsidiis
838 2043 954 2085 Cotelerius
970 2045 997 2085 ita
1015 2056 1066 2087 usus

96 2119 138 2169 est,
154 2121 176 2157 ut
190 2115 244 2156 haud
261 2128 326 2169 pauca
345 2116 422 2158 codicis
439 2116 470 2157 sni
485 2115 558 2157 menda
574 2116 594 2156 in
611 2116 703 2169 margine
721 2115 815 2157 editionis
835 2126 886 2156 suae
904 2120 977 2168 posset
994 2127 1067 2156 ernen-

95 2184 166 2226 dare.“
197 2185 225 2227 lta
242 2186 388 2241 Schweglerus
404 2188 423 2228 in
440 2186 575 2228 Praefatione.
612 2186 657 2240 Ego
680 2186 761 2239 quidem
784 2185 864 2240 dubito,
885 2198 932 2226 num
949 2184 1065 2228 Cotelerius

94 2255 114 2295 in
130 2254 265 2297 describendo
282 2256 358 2298 Codice
373 2257 436 2298 Paris.
451 2257 517 2298 ubivis
533 2256 565 2298 illa
581 2256 621 2297 fide
639 2261 701 2310 atque
717 2256 819 2310 religiono
835 2268 885 2299 usus
900 2256 971 2312 luerit,
989 2259 1065 2311 quain

94 2326 135 2367 hoc
150 2339 229 2380 genere
246 2339 298 2380 opus
315 2333 354 2369 est:
370 2327 390 2368 id
400 2327 455 2382 quod
472 2341 498 2369 ex
513 2328 580 2369 multis
595 2327 646 2369 locis
663 2340 709 2368 cum
725 2333 797 2369 nostro
814 2326 908 2380 ejusdem
920 2327 1008 2369 familiae
1018 2328 1065 2369 illa-

92 2398 197 2451 nuscripto
209 2404 306 2440 accurate
318 2400 396 2441 collatis
413 2400 459 2440 luce
475 2399 549 2439 clarius
559 2404 648 2452 apparet.
680 2397 752 2439 Codex
759 2399 821 2440 Paris.
833 2410 957 2451 quarnquam
966 2399 986 2439 in
995 2399 1064 2441 fronte

93 2467 185 2509 exhibet:
207 2468 295 2524 Βίβλος
311 2471 392 2527 ἔχονοο
407 2465 498 2523 ὁμιλίας
520 2464 641 2523 διαφόρους
662 2462 707 2510 sind
726 2469 802 2523 (μονῆς
826 2470 868 2511 τού
887 2466 954 2524 οίμόν
977 2469 1064 2524 Πέτρον

92 2537 133 2580 τού
150 2535 287 2588 ἀποστόλου,
304 2547 454 2594 ονμμοοιφεῑοοι
471 2534 517 2581 aiud
533 2538 573 2581 τοὺ
590 2532 656 2591 ἁγίου
672 2534 825 2594 Κλήμεντος,
843 2533 857 2594 ἦ
872 2538 984 2594 λεγομένη
1000 2538 1064 2595 Κλη-

92 2605 184 2660 μὲντιοι,
201 2608 317 2651 τοντὲοτιν
325 2604 460 2663 Κλήμεντος
469 2605 643 2664 ονγγροίμμοιτν.
675 2609 770 2666 περιέχει
781 2607 804 2652 δὲ
813 2606 826 2664 ἦ
836 2604 896 2663 odai}
906 2608 990 2664 βίβλος
998 2610 1064 2654 addc·

93 2671 292 2733 προλόγονςτρεῑς,
308 2674 399 2732 ὁμιλίας
415 2680 495 2728 cicccc,
511 2679 592 2719 mutilus
608 2684 677 2719 tamen
694 2678 768 2721 desinit
783 2679 804 2719 in
821 2678 880 2720 Hom.
895 2678 947 2733 XIX,
965 2677 996 2720 ll.

150 2743 170 2788 3.
201 2744 274 2787 Codex
289 2746 333 2801 tls,
349 2747 382 2800 qui
400 2747 424 2788 ad
439 2760 513 2789 novam
529 2748 661 2789 Humiliarum
679 2748 789 2790 editionem
806 2749 954 2790 conficiendam
969 2750 1062 2791 criticum

91 2828 166 2870 penum
187 2816 234 2857 mihi
255 2818 335 2869 aperuit
358 2817 391 2857 vel
412 2818 550 2873 uberrimum,
577 2831 691 2872 carumque
711 2820 773 2860 fmem
792 2818 901 2872 hucusque
923 2819 1061 2861 desideratum

90 2888 162 2927 unicus
178 2887 273 2940 largitur,
291 2887 315 2927 ad
332 2899 376 2927 eam
392 2888 480 2940 pertinet
495 2888 607 2929 Vaticanae
622 2887 764 2931 Bibliothecae
784 2894 875 2942 partem,
899 2901 952 2942 quae
970 2889 1060 2932 Ottoho-

91 2957 151 2997 niana
168 2956 289 2998 nominatum
331 2956 458 2999 Ghartacens
475 2964 506 2999 est
520 2958 600 2999 formae
617 2964 715 3014 quartae,
735 2959 887 3012 insigniterque
910 2970 996 3000 numero
1012 2958 1059 3001 443.

90 3027 191 3069 Exaratus
210 3039 256 3068 esse
272 3025 353 3067 videtur
368 3027 452 3068 ineunte
469 3040 524 3069 saec.
540 3028 595 3082 xlv,
616 3028 679 3070 nitida
697 3029 778 3083 quidem
796 3040 871 3082 graeca
888 3040 959 3084 manu,
980 3030 1017 3071 sed
1035 3031 1060 3071 ob

89 3097 196 3139 inusitatas
212 3096 282 3150 siglas,
301 3096 374 3148 quibus
391 3097 462 3152 utitem
479 3098 553 3151 passim
569 3098 665 3151 ambIgua
682 3105 702 3140 et
719 3099 861 3151 subobscura,
877 3111 916 3140 nec
933 3100 1010 3154 ubique
1026 3099 1060 3140 f-

89 3165 122 3206 cili
141 3166 201 3207 lectu.
233 3163 347 3214 Quamlibet
362 3166 469 3223 paginam,
487 3168 504 3209 si
519 3167 570 3207 tituli
587 3170 774 3223 communtandi,
799 3180 873 3210 versus
891 3170 964 3222 viginti
981 3175 1058 3223 septem

91 3235 179 3289 explent.
209 3234 231 3275 ln
247 3236 310 3288 primo
327 3233 408 3277 Codicis
424 3237 474 3279 lolio
488 3237 534 3278 albo
549 3238 655 3291 appositus
666 3239 741 3291 legitur·
751 3238 911 3292 uuruerns4433
927 3241 1060 3293 insequenti:
