2276 3612
540 272 583 319 397
935 268 1009 320 XX,''2.
1026 273 1045 309 3.

78 410 125 442 oto·
142 397 186 452 ἔχει
200 387 242 481 γρίρ
258 393 397 451 ἐπιθυμίαν,
418 385 502 447 ὀργην,
524 389 602 447 λύπην
618 390 655 435 ναί
675 384 704 434 σοί
719 386 809 438 νούσοις
825 382 938 442 ἑπόμενα.
975 379 1001 428 νὸ
1022 382 1046 426 θ”ε

79 482 173 521 πνευρια
189 464 225 508 ναί
241 459 298 511 αιλνὸ
314 458 341 507 οὐ
357 462 485 520 νρινσγενὲς
507 458 546 512 ὅν,
570 456 627 505 οἷλλιί
649 459 762 540 νριριερίς,
784 462 805 503 ta
830 459 871 502 σου
893 453 986 512 οίρρενυς
1002 457 1046 511 ἔχει

77 530 120 588 νην
133 535 234 592 γένεσιν,
249 537 286 580 ναί
303 530 429 578 θενιιιιόν’
420 549 466 576 aona
482 532 564 588 ioyropi
558 532 606 585 ιου,
622 526 736 589 γνώσεως,
752 527 826 586 φόβου
842 529 877 608 ηαί
894 528 939 572 τῶν
955 541 1046 605 νρυνοις

78 607 204 661 ἑπομένων.
234 607 328 683 εἰιασὲρα
344 604 367 649 ‹tt
382 605 427 648 νῶν
445 599 564 661 νριοίιλανρ
566 604 614 672 ιίαν
630 606 674 661 ἔχει
690 598 732 658 νην
748 600 822 660 ῥίζαν,
837 594 865 648 οἷς
879 598 937 643 εἶναι
950 591 990 639 σὸν
1004 590 1045 638 ν’ίν-

78 679 199 732 θραπον
189 691 212 721 aa
229 693 298 731 popup
299 671 368 719 ιοίιαν
387 671 435 724 δύο,
450 673 547 758 θηλείας
562 669 586 717 νε
602 673 637 717 ναί
653 670 755 728 σ’ίρρενυς
786 667 820 715 tito
834 664 859 725 (λη
854 670 909 712 tuat
926 662 967 712 cieo
985 659 1060 722 αύιρίῡ

78 743 124 790 οθοι
140 746 313 802 προενεθησαν
328 761 365 800 νο
365 760 402 788 ιου
418 759 441 785 νε
457 759 493 787 ναι
510 739 617 799 α’νυριίας
641 732 1044 823 ιλύσυεβασιλεῑαιαρίσθησαν,η

78 817 123 870 pta
139 813 241 871 ουρανισν
256 814 338 870 isyop'
321 831 395 866 ιενων,
411 829 425 894 η
443 812 467 856 δὲ
482 814 527 855 σοῖν
543 814 580 857 ἐπὶ
596 812 637 870 γης
651 829 695 890 νην
711 807 887 866 βασιλεύυνναν
926 802 982 853 ιῖλλσί
1007 807 1044 852 ιιαὶ

77 883 118 929 δύο
133 887 233 942 βασιλεῖς
249 879 390 943 ἐτάχθησαν,
409 882 440 926 ὠν
462 878 534 963 ὁρρὲν
554 900 595 927 σου
619 875 732 938 παρόντος
750 880 786 924 aot
804 878 943 961 προσκαίρου
958 876 1045 934 νὸσριου

78 952 116 1011 νόρ
117 972 142 999 ιω
157 951 289 1012 βασιλεύειν
305 962 478 1013 χειροτονεῖται,
493 969 517 1001 ος
533 953 570 997 ναί
586 945 620 996 ἐπ
637 946 724 1008 ὀλέθρῳ
738 949 938 1008 πονηρωνχαίρειν
948 945 1042 1003 ἐπράθη·

78 973 132 1068 655
144 1029 230 1080 ἕτερος,
257 1024 293 1068 ναί
310 1018 377 1072 αὐτὸς
391 1018 500 1080 βασιλευς
519 1017 629 1081 ιλπιίρχαν
649 1023 690 1066 σου
713 1021 823 1077 ἐσομένου
843 1021 937 1072 αἰῶνος,
960 1018 1071 1074 σνέργειλυ

78 1096 155 1139 πᾶσαν
170 1088 299 1148 ἀνθρώπων
318 1092 400 1150 φύσιν,
424 1096 448 1136 ἐν
468 1101 515 1141 τοῖς
530 1094 631 1150 παρούσι
650 1088 691 1150 νην
711 1089 840 1148 παρρησίαν
856 1093 915 1148 ἔχειν
930 1083 958 1133 ου’
975 1082 1045 1131 ιλυνσί-

77 1181 158 1219 ιιενος,
173 1157 239 1219 [aitt’]
256 1161 284 1213 ὥς
300 1165 334 1213 νίς
349 1158 400 1208 ποτ’
416 1166 463 1208 ε”σιι
479 1161 609 1208 λανθάνειν
625 1160 764 1218 πειρώμενος
779 1156 807 1205 ναί
825 1160 970 1216 συμφέροντα
987 1174 1046 1213 συρι-

78 1232 192 1292 βουλεύει

134 1304 166 1347 ΙΙΙ.
201 1304 251 1348 Τῶν
267 1305 291 1349 θί
307 1302 346 1347 tto
363 1322 450 1351 σονιοιν
471 1305 491 1361 [ὁ
507 1308 590 1363 ἕτερος]
612 1301 653 1350 τὸν
673 1311 750 1361 ἕτερον
772 1301 852 1360 εἰιβιιλζ
851 1320 910 1358 παι,
931 1301 988 1347 θεον
1008 1318 1045 1344 νε-

78 1374 207 1424 retentans.
237 1379 330 1422 ἑιιασνος
351 1374 376 1419 (λε
393 1376 438 1419 τών
446 1371 582 1457 ἀνθρώπων
603 1375 732 1425 ἐξουσίαν
725 1380 780 1434 εχει,
805 1373 899 1454 [ἐνεινλρ
916 1387 1042 1422 αυιοιν,ιν
1030 1417 1034 1428 f
1027 1364 1070 1414 ὧλό

77 1440 196 1502 βούλεται,
213 1444 337 1488 πείθεσθαι
354 1461 410 1500 προς
425 1442 451 1489 πὸ
467 1438 575 1501 προίυσειν
592 1439 668 1501 οίηαθιί
680 1462 702 1499 η
707 1441 771 1489 ιιαιισλ
803 1439 898 1500 πλην
875 1435 951 1486 εανυοί
964 1436 1043 1497 σλγαθιί

77 1532 112 1564 τις
125 1513 235 1571 προίσοειν
251 1516 341 1570 ἕληιαι,
357 1514 400 1559 σου
417 1515 526 1571 ἐσομένου
542 1511 631 1571 σίγαθοίι
646 1515 755 1571 βασιλέως
771 1513 858 1568 γίνεται
874 1512 962 1568 anapia·
986 1513 1005 1554 εἰ
1022 1511 1044 1553 tt

79 1585 155 1640 φαυλα
172 1582 262 1642 πριίξειέ
277 1600 321 1635 αις,
345 1585 385 1628 νον
401 1581 535 1640 παρόντος1
554 1584 643 1642 γίνεται
664 1584 768 1640 πονηροί]
785 1579 931 1640 αλπηρένηρια.
972 1576 996 1629 ὃς
1018 1575 1045 1626 δι’

78 1652 192 1711 σίριαρνίας
209 1654 277 1709 ιιρίσει
293 1653 368 1708 ιλιααίρι
383 1647 424 1709 νην
440 1652 488 1697 κατ’
505 1649 577 1697 αυύοῠ
599 1651 677 1709 λαβών
693 1654 796 1706 ἐξουσίαν
819 1653 856 1698 ναί
873 1648 916 1708 πρὸ
933 1654 973 1696 νον
989 1652 1045 1708 μέλ-

79 1726 158 1773 λοννσς
175 1726 257 1775 αἰῶνος
273 1722 373 1779 θελήσας
389 1717 448 1781 αὕτη
462 1723 578 1783 ηρησθαι2
594 1727 618 1768 ἐν
634 1725 663 1782 ap}
679 1725 722 1768 νυν
737 1726 780 1782 βίῳ
795 1721 894 1778 νολοῖζων
905 1720 994 1781 ηἰλεναι,
1009 1723 1071 1767 natan

79 1866 103 1907 ad
120 1878 145 1907 ea
160 1867 269 1920 pertinent.
305 1864 367 1908 Simili
385 1866 447 1909 rnodo
468 1867 551 1921 spiritus
570 1879 617 1908 auin
632 1880 675 1909 non
691 1866 751 1908 triurn
770 1878 871 1920 generum
893 1866 929 1921 sit,
950 1866 987 1910 sed
1004 1866 1043 1909 tri-

77 1937 136 1992 plex,
153 1942 210 1979 ortus
226 1949 253 1977 ex
268 1936 358 1978 nrasoulo
375 1942 395 1978 et
415 1949 480 1991 capax
502 1943 533 1979 est
556 1937 705 1993 ratiocinandi,
726 1936 879 1992 cognoscendi,
903 1937 1008 1979 nietuendi
1025 1945 1045 1981 at

78 2020 164 2063 eonon,
180 2019 234 2062 quae
250 2007 290 2048 huo
305 2008 414 2060 pertinent.
446 2007 531 2061 Utrique
547 2014 616 2050 antam
635 2008 721 2050 triadum
738 2006 810 2048 eadern
830 2006 889 2048 radix
912 2013 953 2062 est,
973 2008 1000 2049 ita
1023 2014 1045 2050 ut

79 2078 143 2120 hoino
163 2078 242 2120 duabus
267 2077 455 2133 conunixtionibus‚
479 2078 563 2120 feminei
585 2091 630 2120 ounr
646 2078 747 2132 masculo,
770 2078 897 2132 compositus
919 2079 949 2120 sit.
986 2077 1045 2127 Qua-

79 2154 165 2203 propter
181 2151 241 2191 etiain
257 2149 310 2191 duae
322 2150 374 2204 viae,
391 2149 499 2202 aequitatis
513 2162 537 2190 ac
553 2150 676 2204 iniquitatis,
688 2149 815 2203 propositae,
832 2149 871 2190 duo
885 2161 969 2203 quoquo
979 2152 1070 2204 regnata

80 2220 162 2261 definita
177 2226 234 2275 sunt,
251 2221 337 2262 atterunt
353 2220 459 2260 ooalorurn
476 2220 610 2275 appeliatum,
626 2220 711 2262 alterurn
728 2232 811 2275 eorum,
831 2219 866 2274 qni
882 2231 937 2260 nuno
953 2220 972 2260 in
989 2225 1044 2262 terra

78 2296 174 2347 regnant.
214 2290 245 2332 Aa
261 2291 353 2334 similiter
377 2292 418 2333 duo
434 2303 497 2346 reges
514 2293 618 2336 constituti
634 2297 692 2346 sunt,
714 2303 803 2346 quorum
826 2291 877 2332 altor
898 2292 1002 2345 praesenti
1018 2305 1042 2333 aa

79 2367 213 2416 temporaneo
230 2362 305 2404 mundo
321 2374 412 2416 regnare
428 2366 448 2403 et
463 2363 555 2415 pernioia
578 2363 679 2404 ntalorurn
695 2363 788 2416 gaudere
808 2362 856 2416 tege
878 2366 973 2413 tenetur5
995 2363 1045 2404 altor

79 2439 157 2487 autern,
173 2446 211 2475 ren
226 2434 317 2488 etipse,
339 2432 401 2474 futuri
417 2432 500 2486 quiden]
520 2436 575 2490 aevi,
591 2434 710 2494 universam
730 2434 795 2488 diligit
814 2440 908 2476 naturarn
927 2434 1044 2477 hurnanarn:

80 2507 115 2559 qui
130 2504 244 2546 libertatern
259 2505 334 2558 agendi
350 2505 387 2546 etsi
402 2504 422 2544 in
438 2506 543 2557 praesenti
558 2517 600 2547 non
616 2505 688 2554 habet,
705 2505 836 2547 nihilominus
854 2505 879 2547 de
896 2505 978 2549 utilibus
993 2504 1071 2548 sna-³⁰

79 2574 151 2617 doridis
166 2575 254 2616 latenter
270 2575 367 2618 sollicitus
383 2581 420 2618 est.

136 2644 168 2686 ill.
198 2644 450 2701 Hor·u1nrinornin‚l]eo
468 2647 585 2703 ordinante7
603 2648 653 2688 alter
670 2646 727 2688 alteri
743 2647 784 2688 vin'r
799 2647 868 2691 infert.
898 2649 990 2703 Quisque
1004 2662 1044 2691 au-

79 2722 121 2759 tern
136 2716 239 2757 horninurn
256 2715 373 2757 facultatem
389 2716 460 2773 liniret,
484 2730 556 2759 eorunr
573 2719 605 2759 oui
622 2718 662 2759 vult
679 2717 789 2759 obediendi
809 2718 834 2759 ad
849 2719 904 2760 bona
919 2719 1043 2773 perficienda

80 2792 114 2829 aut
130 2786 187 2827 mata.
219 2784 281 2827 Aosi
298 2785 342 2838 quis
359 2786 412 2827 bona
427 2787 497 2829 iacere
513 2788 551 2829 sibi
572 2788 638 2843 eligit,
657 2788 773 2841 proprietas
794 2789 887 2831 redditur
908 2790 970 2832 futuri
994 2789 1044 2830 honi

79 2857 148 2911 regis3
169 2857 199 2900 sin
215 2856 260 2909 quis
275 2856 344 2908 iniqua
360 2863 476 2914 perpetret,
497 2860 613 2912 praesentis
629 2859 675 2899 mali
689 2858 710 2900 fit
726 2859 814 2914 adjtrtor.
846 2861 884 2909 Qut
901 2861 982 2914 quidem
997 2866 1071 2902 ruinae

80 2934 165 2983 propter
180 2931 265 2982 peooata
277 2927 334 2981 justo
348 2927 426 2980 Judioio
443 2942 488 2970 euin
503 2929 601 2982 puniendi
617 2930 721 2983 acceperit
736 2930 854 2972 facultatem
871 2936 891 2972 et
907 2936 953 2972 ante
969 2942 1044 2973 aevuin

81 3005 189 3041 aeternum
205 3010 229 3040 ea
245 2997 273 3038 uti
288 2996 365 3051 cupiat,
381 2999 402 3039 in
418 2998 457 3040 hao
472 3001 513 3041 vita
530 2999 651 3053 castigando
667 3000 744 3054 gaudet
760 3006 780 3042 ot
796 3003 854 3054 quasi
870 3013 907 3042 suo
923 3001 986 3054 ipsius
1003 3002 1043 3044 de-

81 3070 157 3112 siderio
173 3068 290 3124 gratificans
305 3066 343 3108 Dei
359 3068 486 3111 voluntatem
508 3070 592 3123 perficit.
630 3068 687 3112 Alter
706 3084 758 3113 vero
775 3071 880 3125 conditus,
904 3075 926 3111 ut
937 3072 1044 3125 justorum

112 3216 130 3251 1.
161 3208 285 3263 παρόνονιος
301 3209 322 3248 0.

112 3276 131 3311 2.
161 3271 209 3310 Vhb.
226 3265 275 3320 αὐτῇ
292 3267 382 3322 χρῆσθαι
402 3271 443 3307 aoid.
460 3282 483 3308 ex
503 3271 616 3318 conjecturo.
