2276 3612
94 219 116 268 X,
134 221 152 258 9.
551 217 594 261 218

91 349 148 379 τιον·
172 333 224 382 οῶελὲ
239 333 281 394 γῶρ
297 331 362 391 νεκροὶ
379 328 438 378 adad
454 334 527 392 λέγειν
536 334 645 392 ‘durumne
651 369 658 389 ,
682 328 709 379 τύ
724 332 838 390 γκηύέποτε
858 334 970 394 ζήσαντα,
990 338 1053 394 ε’κιῶς

33 404 35 407 ’
92 408 113 451 εἰ
128 401 179 465 γνῶ1
194 403 261 462 τῶηοι
277 403 374 466 ῶρχαίαιν
392 401 522 463 α’νθρῶπαν
537 407 602 452 εἰσίν.
639 405 710 453 ἐνίοτε
724 400 767 462 γύρ
782 401 866 463 ε’πιβῶς
881 424 915 457 τις
930 406 1053 466 ἀγνώστοις

91 475 173 526 τόποις
189 471 229 521 adu
244 475 316 528 οἶύεν,
332 470 370 523 οὓς
386 472 426 535 ὁρῶ
441 474 524 529 ναούς,
540 474 639 534 πότερόν
654 494 709 522 ποτε
730 475 813 532 νεκρῶν
834 473 922 534 ῶνιλρῶν
940 478 1051 536 γινημαιῶ

92 549 159 600 ἐστιν,
173 543 188 598 r?
200 545 245 588 τῶν
259 546 387 603 λεγομένοιν
400 545 473 591 θεῶν’
489 546 626 605 πυθόμενος
640 548 663 593 dd
674 543 819 603 καλῶκούσας
832 542 867 591 ὅτι
881 547 942 592 θεῶν
950 547 968 600 ²,
983 567 1053 608 προς-

66 628 76 660 u
94 613 200 672 εκύνησεν
216 610 257 659 ούκ
273 616 401 668 αἰδεσθείς,
426 612 461 660 ὅτι
481 619 501 661 εἰ
515 613 549 673 pru*
564 614 670 670 ἐξετάσας
684 614 840 673 lietardum,
855 612 891 663 ιλιολ
907 613 932 661 τύ
948 618 998 663 ἶσον
1012 623 1052 677 της

91 684 227 742 ὁμοιότητος
243 682 271 735 ῶς
286 685 367 743 νεκρού
382 696 497 744 γινηγιεῖον
517 684 546 732 ῶν
562 685 722 744 παρεληλύθει.
757 681 817 744 πλην
839 683 866 731 ού
884 687 925 747 γρη
944 706 974 747 ,ua
995 687 1052 748 πρὸς

91 756 148 812 της4
163 754 272 813 τοιαύτης
287 756 466 815 δεισιδαιμονίας
484 754 573 814 πολλῶν
588 758 695 817 παρέχειν
708 751 828 809 ῶπύύειξιν.
858 755 936 817 peldinc
950 755 994 817 γῶρ
1004 764 1052 808 ἐστι

90 826 120 882 τῶ
135 826 227 871 θέλοντι
242 827 338 881 νοῆσαι,
354 824 388 872 ὅτι
405 824 470 873 ούελὲν
487 831 562 880 ἐστιν,
577 823 639 877 ε’κτῶς
653 829 674 870 εἰ
686 824 720 884 μη
735 843 768 877 τις
783 823 809 872 ού
823 829 907 887 βλέπη.
937 826 998 886 πλην
1009 830 1052 878 κῶν

89 898 135 941 νύν
150 894 260 950 ῶκονοον,
277 895 311 942 ὅτι
328 893 368 943 ούκ
384 895 472 951 ῶκούει,
488 896 524 942 καὶ
539 892 634 954 νόησον,
654 893 689 941 ὅτι
711 893 739 943 ού
754 908 808 943 νοεῑ,
841 909 910 958 χεῖρες
930 895 973 957 γῶρ
994 898 1051 947 adad

64 978 85 1013 1ο
92 964 207 1018 θανόντος
223 962 349 1025 ῶνθρῶποα
362 969 481 1026 ἐποίησαν,
520 969 540 1011 εἰ
555 966 578 1011 dl
594 964 606 1010 ῶ
621 964 717 1023 ποιήσας
732 968 887 1027 ἐτελεύτησεν,
909 972 954 1020 πῶς
970 971 995 1014 τὸ
1009 966 1051 1016 εἶπ’

91 1034 164 1083 odacri
179 1034 271 1095 γεγονὸς
287 1036 314 1084 ού
327 1037 467 1094 λνθῶσεταις
487 1037 509 1082 τί
525 1031 568 1082 οὖν
583 1037 673 1094 θνητοῦ
690 1039 757 1094 ἔργον
771 1051 914 1096 προσκννεῖς,
936 1044 1052 1093 παντελῶς

90 1104 234 1164 ῶνοὶσθητον
250 1105 292 1159 ῶνς
312 1104 381 1153 ὁπότε
403 1112 423 1153 οἱ
446 1104 569 1166 λογισμούς
584 1109 672 1167 ἔχοντες
691 1105 742 1153 cu’dl
764 1110 792 1154 τοὶ
811 1111 854 1163 ζῶα
874 1113 1051 1168 προσκννοῶσιν,

89 1175 142 1222 odda
158 1187 254 1237 canapeia
276 1174 303 1223 τῶ
325 1175 371 1222 dut
388 1178 447 1223 Θεοῶ
465 1178 606 1235 γεγενημένα
625 1174 798 1234 κολακεύουσιν,
822 1181 876 1238 λέγω
898 1182 922 1232 δὲ
943 1178 1050 1239 ούρανῶν,

88 1244 167 1303 η’λιον,
192 1244 300 1304 σελήνην,
320 1242 465 1305 ῶστραπηνό,
487 1244 611 1292 θῶλασσαν
625 1246 662 1292 καὶ
679 1243 756 1293 πῶντα
771 1245 799 1295 τῶ
819 1253 844 1295 ἐν
864 1249 954 1306 αύτοῖς,
975 1249 1050 1309 ὀρθῶς

64 1317 204 1374 γεκρίνοντες
219 1317 293 1376 aedifi
308 1316 335 1365 τῶ
351 1315 389 1364 ὑπ’
406 1317 479 1366 αύτοῶ
494 1314 608 1377 γενόμενα
624 1329 769 1377 προσκυνεῖν,
784 1317 840 1368 ῶλλῶ
854 1320 895 1370 τῶν
909 1322 996 1370 τούτοιν
1010 1325 1050 1381 (λη-

88 1384 199 1446 γιιοσργύν
215 1390 251 1434 καὶ
268 1384 370 1449 πολροχον
386 1390 462 1447 σέβειν
480 1388 547 1436 Θεῶν.
577 1390 614 1434 ἐπὶ
631 1386 704 1448 τούτῳ
718 1387 762 1448 γῶρ
778 1391 814 1436 καὶ
830 1388 889 1438 adid
909 1383 991 1454 χαίρει,
1013 1393 1049 1441 ὅτι

89 1452 131 1514 την
147 1461 188 1504 τοῦ
205 1458 356 1517 πεποιηκότος
371 1458 441 1517 τηιην
456 1458 530 1510 eddela
545 1459 620 1511 αὐτοῖς
636 1461 762 1518 προσῆψεν.

88 1600 161 1655 Neque
177 1602 230 1643 eninr
246 1616 329 1658 possum
345 1616 369 1646 ea
384 1609 466 1646 mortua
482 1603 561 1660 dicere,
584 1615 638 1658 quae
658 1614 768 1658 numquam
789 1604 890 1647 vixerunt.
930 1604 973 1647 Nisi
993 1605 1048 1649 forte

90 1672 184 1726 sepulcra
205 1679 253 1716 sunt
272 1676 402 1730 antiquorum
426 1675 537 1718 hominurn.
579 1674 684 1717 Interdum
705 1675 758 1716 enim
779 1676 886 1730 ingressus
908 1676 979 1732 aliquis
1001 1677 1048 1721 loca

63 1746 160 1798 20ignota
176 1745 250 1801 nescit,
266 1751 333 1788 utrum
350 1758 403 1801 quae
418 1746 474 1788 videt
488 1745 563 1799 templa
578 1746 618 1787 sint
637 1744 742 1786 hominum
761 1750 890 1788 mortuorum
908 1754 1047 1805 monumenta,

89 1828 114 1856 an
130 1822 251 1858 vocatorum
267 1816 364 1872 deorum,
379 1816 511 1872 interrogans
526 1829 577 1858 vero
594 1821 615 1858 et
629 1815 724 1873 audiens,
740 1829 765 1858 ea
781 1828 828 1860 esse
844 1816 938 1873 deorum,
954 1817 1048 1863 adoravit

86 1886 167 1940 pudore
183 1899 225 1928 non
240 1886 339 1943 sullusus,
355 1886 421 1943 quod,
437 1887 476 1929 nisi
491 1886 633 1941 percontando
650 1886 764 1943 didicisset,
784 1892 869 1942 propter
885 1900 973 1942 acquam
988 1889 1046 1932 simi-

86 1959 191 2001 litudinem
207 1958 264 2000 velut
279 1959 353 2000 mortui
371 1957 513 2012 praeteriisset
532 1957 655 2012 sepulcrum.
693 1956 733 2000 Sed
756 1970 798 2000 non
823 1963 905 2012 oportet
923 1964 946 2001 ut
966 1959 986 2000 in
1008 1960 1047 2002 hac

86 2031 233 2084 superstitione
249 2030 332 2071 multam
347 2027 430 2071 afferam
445 2027 594 2083 probationem.
632 2027 700 2069 Facile
717 2028 770 2069 enirn
786 2033 817 2072 est
831 2028 909 2071 volenti
924 2029 1045 2087 intelligere,

61 2101 143 2155 25quod
160 2101 209 2142 nihil
224 2101 260 2156 sit,
276 2101 315 2142 nisi
333 2100 377 2155 quis
392 2099 448 2142 forte
464 2099 578 2141 nullatenus
594 2098 668 2141 videat.
703 2097 800 2140 Attamen
819 2099 853 2140 vel
873 2112 927 2140 nunc
946 2100 994 2142 audi
1014 2102 1045 2145 si-

85 2172 199 2214 mulacrum
214 2184 257 2214 non
273 2172 354 2229 audire,
370 2183 394 2213 ac
408 2171 510 2225 intellige,
527 2182 569 2212 non
584 2170 706 2225 intelligere.
743 2169 794 2211 llam
808 2169 856 2211 illud
875 2171 962 2213 mortalis
977 2171 1044 2214 homi-

86 2246 118 2287 nis
135 2255 208 2285 manus
223 2243 323 2285 lecerunt.
353 2242 374 2286 Si
389 2247 467 2298 autem,
482 2241 516 2297 qni
531 2240 591 2297 lecit,
607 2241 666 2296 olriit,
687 2253 728 2295 quo
745 2240 806 2282 modo
823 2240 847 2281 ab
863 2240 896 2282 illo
912 2241 987 2283 lactum
1003 2255 1046 2285 non

87 2314 222 2359 destruetur?
253 2313 294 2356 Cur
309 2315 379 2369 itaque
394 2313 468 2356 adoras
483 2312 575 2355 mortalis
591 2324 649 2369 opus,
667 2312 749 2354 omnino
766 2322 829 2354 sensu
844 2311 976 2354 destitutum?
993 2326 1045 2369 cum,

88 2387 123 2442 qui
139 2392 227 2429 mentem
243 2385 329 2441 lralrent,
345 2397 371 2426 ne
387 2385 479 2427 animalia
496 2383 578 2439 quiderm
594 2383 690 2438 adorent,
706 2395 746 2424 nec
759 2383 860 2425 elementa
875 2395 886 2424 a
901 2382 946 2426 Deo
962 2384 1045 2427 condita

60 2457 156 2499 cocolant
171 2463 232 2511 atque
248 2456 364 2511 adulentur,
381 2456 459 2497 caelum
475 2455 533 2511 (lico,
555 2455 631 2511 solem,
654 2454 735 2510 lunam,
757 2460 821 2508 astra,
843 2459 929 2511 terram,
950 2467 1007 2497 mare
1025 2461 1045 2498 et

86 2533 160 2570 cuncta
176 2528 201 2571 iis
217 2533 321 2569 contenta:
336 2532 393 2569 recte
406 2527 532 2582 iudicantes,
547 2526 620 2567 necat]
635 2527 681 2580 ipso
697 2524 815 2567 creatacoli
825 2524 910 2581 deluere,
926 2525 1044 2568 sedentum

86 2599 181 2654 opificem
198 2603 218 2640 et
233 2598 349 2653 largitorem
364 2598 430 2639 Deum
446 2610 493 2641 esse
508 2596 642 2640 adorandum.
673 2596 694 2637 ln
710 2595 750 2638 hoc
765 2596 838 2650 quippe
854 2601 874 2638 et
889 2596 932 2650 ipsa
947 2597 1044 2654 gaudent,

86 2685 132 2713 curn
147 2670 250 2713 honorem
266 2670 365 2712 creatoris
381 2681 441 2711 nemo
456 2669 505 2722 ipsis
522 2668 618 2710 attribuit.

117 2767 134 2803 1.
164 2763 203 2801 Nisi
218 2762 295 2799 vocilius
316 2761 431 2810 transpositis
455 2762 508 2809 legas
525 2756 555 2798 ἐκ·
580 2759 676 2808 corrigere
691 2759 774 2797 voluerat
789 2753 824 2798 οὐκ
840 2756 930 2811 αἰδέσθη.
960 2761 1044 2799 Debehat

85 2820 120 2868 τός
135 2818 192 2873 εἰμὴ
209 2817 352 2871 τῶηιοιοιασίαο
365 2820 492 2869 rescripserim
502 2814 555 2862 εἰκὸς
579 2819 644 2857 saltem
660 2818 742 2856 scribere
756 2814 836 2869 ᾐδέσθη.
867 2820 891 2857 At
908 2831 954 2867 qnae
969 2819 993 2857 sit
1001 2832 1043 2858 rer-

85 2879 154 2934 τάφοι.
186 2881 259 2929 Templa
275 2879 330 2917 fuisse
343 2879 555 2928 rncrtnornmsepnlcra,
579 2879 644 2916 horum
653 2877 763 2931 conjunctio,
779 2883 829 2917 recte
840 2878 944 2927 explanavit
954 2879 974 2928 D,
991 2891 1043 2927 quern

87 2955 109 2980 ex
136 2940 234 2979 Clementis
256 2938 394 2990 προτρεπτικῶν
410 2941 466 2976 docet
486 2938 554 2975 Euseb.
580 2948 616 2986 ego
631 2941 705 2975 secutus
720 2948 763 2974 sum.
780 2939 799 2975 S.

85 3004 149 3049 Praep.
164 3001 196 3038 Ev.
212 3000 233 3047 ll,
251 3002 269 3037 6.
287 2997 348 3044 cyrill.
363 2996 381 3033 in
395 2998 429 3036 dul.
438 2998 460 3035 X.
476 3010 494 3046 p.
504 2998 553 3035 341.
609 2999 627 3033 3.
657 2991 767 3046 μεμαθηκει
783 2997 802 3035 G.
833 2997 876 3033 Turn
893 2995 917 3033 id.
934 2990 983 3035 λ’σον.

86 3061 197 3097 Tlreodcrct.
220 3059 329 3106 Tlrerapent.
344 3055 389 3093 Vlll.
410 3069 427 3105 p.
443 3058 490 3094 115.
519 3055 553 3092 Ed.
608 3057 627 3091 1.
657 3049 709 3104 πρὸς
725 3055 759 3106 της
777 3055 825 3102 conj.
847 3055 872 3102 G,
891 3049 944 3107 πρὸς
959 3051 993 3107 την
1007 3054 1042 3107 της

88 3119 136 3166 sylo.
152 3120 174 3156 D.
205 3114 223 3156 εἰ
236 3112 262 3168 μη
278 3110 337 3159 ἐκτὸς
352 3114 366 3150 G
382 3114 402 3152 0.
578 3118 654 3162 uterque
670 3113 722 3151 Hom.
739 3116 809 3153 Codex.

117 3181 136 3214 2.
165 3178 191 3214 lta
207 3177 221 3214 0
238 3190 254 3214 c.
271 3177 292 3224 S,
308 3170 356 3213 θεῶν
373 3173 398 3222 G,
413 3172 462 3213 θεοῦ
477 3174 552 3222 conj.D.
608 3176 627 3212 5.
655 3167 783 3226 Fortr'dozpo,
799 3171 1041 3225 p'pcenlicccgn.5,16.0.

89 3235 110 3285 C,
127 3247 166 3273 cmn
181 3241 238 3274 totum
253 3236 314 3274 locum
328 3244 425 3284 perperam
435 3233 553 3281 distinxisset,
608 3235 626 3271 6.
655 3224 681 3283 μη
695 3233 734 3274 θεῖν
749 3234 797 3282 conj.
813 3233 834 3271 ll.
