2276 3612
75 204 113 259 ux,
133 213 165 249 re.
184 199 216 249 εἰ.
284 186 288 189 ’
538 207 581 251 408

75 340 104 366 τα
121 321 203 368 ἰιλσατο
220 324 230 368 ὁ
246 322 327 378 νίιριος.
362 313 430 370 οὗτος
450 326 627 380 μεταπεμφθείς
649 319 767 381 ιῖῳήμῶν
783 320 858 378 aprique
874 322 909 366 ναί
925 323 966 376 της
982 315 1044 365 cidar-

76 394 132 448 μίας
148 392 190 451 την
206 394 282 437 αἰτίαν
302 386 355 447 παρ’
378 388 444 446 η’μυλν
465 389 551 448 μαθών
575 397 611 439 ναί
633 388 729 454 βοηθεῖν
747 389 851 445 diiuncta
872 391 1049 448 προθυμότατα

75 458 187 526 α’πέσγετσ
204 457 306 519 φοβήσας
322 460 458 516 φυγαδεύειν
474 459 560 515 αὐτόν,
575 464 614 511 εἰίν
630 484 655 524 γε
671 463 742 512 αὐτού
758 466 787 521 τῴ
803 461 946 523 ἐγχειρήματι
957 459 1043 517 ὑπουρ-

77 531 188 591 γησυμεν.
218 528 283 587 ημῶν
294 532 317 575 dd
327 532 424 588 ἑτοίμως
436 529 513 576 πάντα
525 535 800 595 ποιησεινιλποσχομίνυν
811 539 862 591 ἔφη·
879 532 936 589 ἐμοῦ
944 528 979 575 dui
989 531 1043 574 πολ-

53 614 62 645 a
79 606 122 648 λῶν
134 605 203 660 φίλοιν
214 596 287 657 aprima
298 604 329 649 εἰς
339 599 451 660 σύλληψιν
461 601 532 648 cc‘uoo'
548 607 685 664 ἐληλυθέναι
703 606 897 662 περισυοπούντος
914 602 950 646 ταί
969 607 1043 656 ζητεῖν

79 670 151 718 nitzdu
166 669 300 727 φάσκοντος,
316 669 400 716 καθότι
410 673 504 729 Καῖσαρ
520 674 619 726 πολλούς
629 677 717 735 μιλγσυς
727 670 812 721 aivaldu
824 676 860 718 ναὶ
873 668 899 717 ud
916 670 962 716 κατ’
971 666 1043 716 αὐτὸν

77 742 163 798 μαθών
179 744 219 796 ἐμὲ
235 742 271 785 tot
287 739 330 798 την
346 737 419 787 αὐτοι]
434 741 527 799 ζήτησιν
543 749 655 803 ἔπεμψεν,
672 744 731 794 ὅπως
751 745 788 788 uui
810 740 882 790 αὐτὸν
906 738 933 792 ὦς
945 743 980 786 nul
992 740 1044 788 τούς

79 809 122 869 πρὸ
139 807 210 855 αὐτοῦ
225 809 314 867 μιίγους
330 807 422 871 νολοίση.
458 816 495 858 cot
509 818 530 858 οἱ
545 811 650 872 dulceque
667 821 688 861 οἱ
703 814 809 864 συνόντες
818 812 879 873 uuum
889 813 917 863 uic
927 811 953 869 (λη
969 809 1043 868 aprico

78 886 155 925 cocao
171 877 292 938 οἷνηυοὸνες
308 885 554 940 προσαναηερίτιοσαν,
573 883 602 934 εἰς
620 889 678 943 ἐμοῦ
697 892 761 931 ἑνεκα
777 888 820 931 τοῦ
837 886 956 941 συλλαβαί»
972 876 1044 925 αὐτὸν

52 946 259 1006 ιοοῖπεοταλμένου.
290 953 326 995 ναί
342 948 410 1010 τυχὸν
430 954 519 998 ταυτα1
536 952 633 1005 ιίνσύσας
650 958 763 1014 φοβηθείς
780 953 889 1012 φεύξεται.
929 953 977 997 acet
994 952 1044 996 τοί-

77 1037 121 1065 νυν
135 1019 212 1077 ἕτεηόν
229 1038 249 1064 τι
267 1032 341 1065 ποιεῖν
355 1021 527 1078 ἐπενοήσαμεν,
550 1023 611 1080 ὅμως
626 1025 696 1075 οὕτως
712 1027 806 1082 ἐγένετο.
837 1020 884 1069 circo
900 1041 924 1068 ae
934 1021 978 1080 γιλρ
988 1025 1045 1067 πολ-

78 1092 122 1133 λῶν
136 1093 181 1134 τῶν
196 1096 234 1145 ἕξιν
250 1096 281 1139 εἰς
297 1088 324 1134 τοί
342 1088 429 1149 μεγαλα
445 1092 506 1152 αὐτῷ
522 1097 678 1154 χαριζομένων
695 1093 768 1151 λοίθσα
786 1093 907 1151 λεγόντοιν,
923 1099 954 1138 dur
972 1095 995 1139 ιλὲ
1008 1094 1044 1137 ναί

78 1163 123 1203 τών
139 1161 205 1205 ἔνδον
220 1158 357 1219 υποβλητιλν
371 1159 487 1219 ἡμετέρων
503 1161 602 1221 οἰνηνοιὸς
618 1166 654 1208 ναί
670 1163 700 1216 οἷς
716 1160 769 1220 παρ’
786 1165 848 1208 idiota
868 1163 963 1222 γνώμην
983 1166 1044 1219 εἰλη-

79 1224 323 1285 dilectumdilectum
340 1236 402 1287 ἔγνον.
434 1230 537 1290 α’πσιλρείς
552 1229 594 1278 οὖν
610 1236 650 1288 της
664 1230 808 1292 Ἀντιοχείας
832 1228 890 1287 peuri
907 1228 1044 1290 Ἀθηνοδώ-

53 1314 119 1355 15υον
133 1300 216 1346 ε’νθιίθε
232 1302 355 1357 ἐλήλυθεν,
371 1300 400 1350 ὥς
415 1300 555 1360 α’νηνόαμεν.
590 1300 623 1347 διὸ
641 1302 831 1360 συμβουλεύομέν
851 1299 885 1347 σοὶ
906 1301 975 1360 μηπα
993 1308 1043 1347 ε’πι-

78 1373 150 1425 βηναι
166 1373 205 1427 της
222 1369 305 1420 πόλεως
320 1372 418 1428 ἐκείνης,
433 1374 511 1430 με’γρις
527 1370 556 1416 oin
572 1372 679 1428 είιλυμεν,
703 1375 723 1416 εἰ
737 1375 776 1428 της
797 1368 853 1417 racd
876 1373 917 1417 σου
936 1374 1045 1430 ιλιαβολης

79 1440 167 1485 ὲνείνου
182 1438 282 1489 εἰπόντος
298 1438 413 1497 υπολησαι
429 1441 572 1498 δυνήσονται.
650 1500 651 1503 ¹

137 1510 187 1553 XIV.
223 1512 303 1555 Ταυτα
319 1513 360 1555 τού
382 1510 481 1567 προόιλου
501 1509 694 1567 εἰσαγγείλαντος,
714 1507 725 1554 ὅ
742 1512 831 1568 Πέτρος
846 1514 874 1569 cp]
889 1513 956 1568 rucupi
973 1529 1045 1567 upon-

85 1581 204 1638 εμβλὲψας
227 1584 280 1637 ἔφη·
305 1576 407 1632 nunciare,
430 1581 531 1633 Φαυστε,
552 1578 599 1625 ὑπὸ
620 1582 725 1636 Σίμωνος
748 1585 790 1625 του
810 1579 887 1638 μυίγου
902 1578 1045 1638 cipi-acccip-

58 1653 154 1705 2θιρνισίς
171 1667 212 1696 σου
229 1651 335 1707 γέγονεν,
356 1646 384 1700 οἷς
405 1649 448 1707 νλιλη
464 1651 579 1706 φαίνεται.
611 1652 728 1708 Καίσαρος
749 1647 791 1707 γάρ
813 1653 912 1706 νομίσας
930 1653 966 1697 act
986 1652 1044 1707 νανῴ

82 1792 106 1833 ad
123 1791 241 1845 provinciae
256 1787 384 1830 Praefectum
400 1790 474 1834 missus
490 1793 616 1845 supervenit.
655 1793 794 1842 euronotus
813 1792 864 1834 clam
885 1793 998 1836 accersitus
1020 1806 1044 1835 ac

81 1864 106 1904 de
123 1875 185 1904 causa
200 1861 315 1903 moestitiae
331 1866 416 1902 nestrae
432 1864 509 1905 certior
530 1864 596 1907 laetus
612 1870 632 1906 et
648 1870 670 1906 ut
681 1866 765 1920 juvaret
787 1869 874 1918 rogatus
893 1865 1044 1917 promptissime

80 1934 182 1988 promisit,
198 1945 221 1974 se
237 1944 284 1973 eum
300 1932 429 1988 fugaturum,
451 1935 467 1975 si
483 1935 566 1988 quidem
588 1941 684 1988 coeptum
710 1936 748 1988 ipsi
770 1934 915 1989 adjutaremus.
953 1935 1044 1989 Cumque

80 2004 163 2058 polliciti
179 2015 280 2057 essemus,
304 2002 377 2045 sedulo
393 2015 431 2045 nos
447 2005 514 2045 omnia
535 2004 637 2048 facturos:
662 2005 719 2059 Ego,
739 2005 814 2060 inquit,
837 2004 965 2059 permultos
985 2017 1044 2047 meos

55 2077 158 2118 adauricos
174 2075 290 2130 evulgabo,
313 2086 346 2114 me
361 2075 445 2115 venisse
461 2075 485 2115 ad
506 2088 552 2117 eum
573 2076 708 2131 capiendum,
728 2088 774 2117 curn
795 2075 872 2118 Caesar
892 2076 958 2117 multis
979 2077 1044 2131 magis

81 2147 165 2189 sublatis
180 2146 206 2187 de
223 2157 249 2187 eo
265 2144 342 2186 certior
357 2143 422 2186 lactus
446 2158 479 2186 me
501 2146 526 2187 ad
547 2147 568 2187 id
584 2147 685 2202 misisset,
708 2151 730 2187 ut
753 2151 773 2187 et
793 2147 859 2200 ipsum
883 2145 956 2188 eodem
975 2146 1044 2200 modo,
1107 2172 1111 2178 ι

81 2231 121 2273 quo
137 2218 194 2272 prius
209 2216 391 2270 praestigiatores,
406 2217 495 2269 puniret.
525 2217 551 2259 Et
567 2219 601 2272 qui
617 2230 644 2259 ex
659 2218 734 2260 vestris
751 2229 797 2258 cum
813 2229 838 2258 eo
854 2222 970 2272 versantur,
987 2216 1045 2270 quasi

81 2290 162 2332 occulte
178 2287 318 2340 undicumque
335 2286 445 2342 audierint,
460 2287 551 2330 referant
566 2290 596 2344 ei,
620 2302 652 2330 me
675 2289 701 2329 ad
717 2288 839 2342 capiendum
854 2300 901 2329 eum
917 2299 964 2329 esse
980 2287 1043 2329 emis-

80 2373 131 2402 surn.
162 2358 239 2407 Quibus
255 2357 327 2398 auditis
343 2356 431 2399 fortasse
447 2371 524 2411 pavore
535 2365 643 2413 correptus
652 2359 751 2414 aufugiet.
783 2359 831 2400 Cum
848 2358 901 2400 aliud
915 2358 962 2413 quid
975 2358 1046 2398 facere

54 2438 74 2472 ac
81 2432 234 2484 cogitaremus,
250 2428 308 2469 simul
324 2427 350 2468 ita
367 2428 440 2470 evenit.
471 2430 551 2471 Etenim
568 2442 614 2471 cum
630 2435 651 2471 et
664 2443 691 2470 err
706 2429 772 2471 multis
789 2428 859 2470 alienis
877 2428 928 2469 clam
946 2428 1043 2469 nuntian-

80 2503 143 2556 tibus,
161 2506 264 2553 tamquam
279 2499 352 2552 ingens
369 2499 489 2542 beneficium
505 2502 543 2554 ipsi
566 2500 700 2556 conferrent,
724 2506 744 2542 et
759 2501 843 2553 insuper
867 2511 893 2540 ex
913 2498 1044 2540 familiaribus

81 2578 200 2614 nostrorum
217 2569 315 2613 simulatis
330 2570 376 2610 illud
386 2571 495 2613 audivisset
512 2573 594 2613 ethanc
605 2584 652 2614 esse
668 2583 752 2613 suorum
768 2570 887 2612 sententiam
903 2575 991 2624 putaret,
1008 2568 1045 2609 sibi

81 2643 196 2685 cavendum
218 2653 266 2683 esse
287 2642 391 2694 cognovit.
431 2642 539 2684 Antiochia
561 2643 624 2696 igitur
647 2642 757 2697 aufugiens
781 2652 826 2681 oum
847 2640 983 2682 Athenodoro
1005 2639 1045 2680 huo

80 2715 146 2769 venit,
161 2720 185 2755 ut
199 2712 319 2754 audivimus,
350 2710 421 2765 ltaque
437 2713 472 2753 tibi
488 2713 609 2769 suademus,
625 2725 651 2754 ne
667 2712 693 2753 ad
705 2711 802 2765 voppidum
818 2711 866 2752 illud
880 2710 986 2765 ascendas,
1003 2709 1045 2751 do-

54 2793 119 2826 aanec
134 2784 257 2837 viderimus,
272 2794 321 2822 uum
336 2782 369 2823 illo
387 2795 473 2837 egresso
489 2784 577 2837 populus
594 2784 708 2825 calumniae
725 2788 796 2824 centra
812 2788 832 2825 te
849 2782 991 2824 disseminatae
1004 2781 1044 2821 ob-

80 2857 145 2898 livisci
158 2856 230 2909 possit.

137 2925 188 2967 XlV.
220 2924 278 2973 Ouiae
295 2936 340 2964 curn
356 2923 381 2978 is,
398 2925 431 2978 qui
447 2925 570 2981 praecessit,
587 2925 713 2976 nuntiasset,
733 2922 804 2965 Petrus
819 2925 839 2965 in
855 2929 935 2978 patrem
950 2928 1045 2966 nostrum

81 2997 193 3051 respiciens
215 2995 272 3036 dixit:
297 2994 376 3051 Auctis,
400 2995 483 3050 Fauste,
510 2995 687 3049 metarmcplrosin
708 2997 762 3034 tuam
782 3006 819 3048 per
841 2994 943 3037 Simonem
963 3006 1044 3048 magum

81 3069 154 3109 factam
170 3079 227 3123 esse,
249 3072 271 3108 ut
283 3067 324 3121 juin
342 3071 432 3120 apparet.
470 3066 520 3109 Nam
543 3079 589 3109 cunr
610 3069 700 3120 putaret,
724 3064 748 3105 ad
769 3077 857 3119 poenam
877 3078 900 3108 se
923 3078 934 3106 a
954 3064 1045 3107 Caesare

120 3210 137 3246 l.
168 3204 229 3247 odedu
245 3209 268 3247 0.
