2276 3612
536 253 573 283 vrit
631 259 632 263 ¹

186 354 281 399 Clemens
296 356 400 398 Romanus
417 354 443 396 de
459 355 663 413 Peregrinationilaus
679 355 697 399 S.
713 354 767 398 Petri
781 354 816 396 fol.
834 353 853 396 2.

186 425 283 481 Ejusdem
299 426 412 469 Clementis·
424 426 615 481 Peregrinationum
631 427 725 482 Epitome
742 427 776 469 fol.
794 423 843 467 161.

187 498 283 552 Gregorii
297 497 385 553 Nysseni
402 499 468 539 oratio
484 498 504 539 in
519 498 568 540 illud
586 498 652 540 Pauli:
668 498 718 539 Cum
734 499 825 554 subjecta
842 498 918 540 luerint

186 569 214 611 illi
230 570 307 624 omnia,
322 574 371 611 tuno
387 570 467 623 etipse
483 569 536 613 lilius
553 575 592 612 etc.
609 569 643 611 fol.
660 567 709 611 235.

542 642 563 684 P.

539 780 572 824 la.
913 823 916 826 ,

68 847 90 889 ln
105 854 192 904 utraque
207 849 281 904 pagina
298 851 445 905 subsequentis
461 851 504 896 folii
527 864 635 894 numerum
652 850 660 891 l
681 851 701 891 in
717 851 786 893 fronte
802 852 887 896 ferentis
903 855 959 895 extat
974 852 1034 908 frag-

68 925 158 961 mentum
175 919 348 963 clementinorum
365 924 478 977 prooemii,
494 923 551 977 quod
565 922 645 976 incipit:
667 917 750 970 αὐτούς
766 922 935 979 φρονιμώτερον
952 925 1035 983 εἰιιχει-

68 992 147 1046 ροῦσιν
162 990 278 1046 desinitque
294 993 314 1034 in
331 994 376 1035 vbb.
393 991 451 1053 clap
467 991 598 1052 οἱῳδήιιοιε.
629 992 672 1034 Hoc
687 991 825 1047 fragmentum
838 994 951 1050 allamanu,
969 1006 1035 1048 eaque

68 1075 121 1105 saec.
137 1062 174 1103 XV
190 1070 296 1106 exaratum
313 1069 334 1106 et
354 1064 436 1106 aliunde
461 1064 552 1106 excisum
573 1069 631 1117 puto.
668 1063 712 1104 Jam
732 1063 836 1105 invenitur
856 1064 942 1106 alterum
965 1064 1035 1106 folium

67 1133 133 1173 alitum
149 1146 237 1175 numero
254 1147 334 1177 carens.
364 1134 386 1176 ln
402 1134 465 1189 lolio,
481 1134 536 1187 qood
552 1134 646 1188 sequitur
662 1145 748 1175 numero
764 1133 778 1174 2
794 1134 896 1187 distincto,
913 1147 959 1176 eum
971 1147 1036 1188 prae-

66 1203 97 1244 via
114 1204 249 1258 inscriptione
265 1207 335 1260 incipit
349 1206 439 1259 Epistola
456 1206 509 1247 Petri
525 1205 552 1246 ad
566 1205 667 1246 Jaoohum
684 1204 741 1259 data,
765 1204 797 1246 eui
813 1204 892 1259 reliqua
909 1205 1035 1247 Clementina

67 1265 209 1317 annectuntur.
243 1276 300 1324 Quae
317 1282 431 1319 occurrunt
445 1276 590 1330 inscriptiones
607 1275 717 1330 itidemque
733 1276 806 1317 literae
825 1276 914 1318 initiales
934 1275 1035 1317 Homilia-

65 1357 110 1386 rum
125 1347 185 1388 sicuti
201 1347 337 1402 quorumdam
353 1352 477 1390 commatum
494 1348 556 1389 minio
572 1347 636 1388 rubro
653 1347 719 1401 pictae
736 1352 789 1388 suut.
820 1345 950 1400 Singulorum
963 1345 1035 1388 Homi-

68 1415 140 1457 liarum
156 1429 255 1459 numerus
271 1419 353 1472 graecis
375 1418 439 1460 literis
465 1419 594 1473 exprimitur,
616 1418 676 1459 tertia
695 1415 782 1470 encepta
803 1421 823 1458 et
839 1415 917 1459 decima
924 1450 930 1473 ,
953 1416 988 1458 ubi
1004 1421 1035 1459 est

65 1482 144 1540 ὁμιλία
156 1488 219 1543 epici]
228 1493 247 1529 et
263 1484 340 1544 ὁμιλία
354 1483 457 1544 ιίειιίεμῐ.
488 1487 519 1530 Ad
532 1501 588 1530 oram
600 1488 681 1530 Codicis
695 1501 754 1542 qnam
769 1488 868 1541 plurimae
878 1487 961 1541 glossae
970 1488 1035 1541 prima

66 1568 127 1598 manu
143 1559 272 1613 conscriptae
289 1563 398 1614 apparent,
415 1558 489 1600 nullius
506 1559 589 1614 quidem
605 1560 711 1614 momenti,
737 1561 753 1602 si
770 1571 846 1612 paneas
864 1559 960 1612 excipias.
990 1557 1034 1599 Ad·
1068 1575 1069 1578 ¹

65 1630 143 1672 notavi,
165 1641 218 1682 quae
234 1629 294 1671 utiles
310 1641 357 1671 esse
373 1634 492 1682 potuerunt.
531 1630 595 1672 Pluris
616 1630 723 1672 faciendae
752 1635 799 1672 sunt
818 1630 951 1684 conjecturae
972 1642 1033 1670 rnnanu

65 1698 178 1739 recentiori
197 1699 283 1752 margini
300 1698 395 1740 distincto
413 1698 533 1741 charactere
550 1701 661 1754 appositae.
692 1699 760 1742 Habes
776 1712 860 1754 qnoque
877 1698 902 1740 ad
919 1711 976 1741 oram
993 1712 1034 1742 no-

65 1769 117 1810 tulas
133 1770 216 1813 rubras:
232 1768 337 1813 aalrmo'
355 1782 421 1825 usqne
438 1771 462 1811 arl
479 1786 556 1813 uaaw
566 1769 603 1826 ιμ’,
620 1783 697 1825 easque
713 1770 777 1824 prima
793 1782 854 1811 manu
865 1775 906 1811 tam
917 1770 1033 1812 indistinete

65 1845 148 1894 tamque
163 1841 232 1895 inepte
248 1841 382 1895 conscriptas,
399 1846 422 1882 nt
437 1841 507 1883 nullibi
523 1846 644 1883 eumtexlu
659 1840 767 1895 quadrent.
797 1840 862 1882 Prima
878 1841 1032 1882 inveniturini-

65 1912 92 1952 tio
108 1910 211 1964 Epistolae
228 1909 338 1953 Clementis
355 1910 380 1953 ad
396 1911 497 1953 Jacobum
514 1925 540 1953 en
556 1911 656 1966 adverso,
680 1911 749 1952 ultima
769 1912 789 1952 in
806 1911 899 1966 margine
915 1911 974 1953 Hom,
990 1910 1005 1963 l,
1020 1912 1032 1952 6

64 1982 101 2024 sub
118 1981 184 2022 finem.
214 1981 286 2022 Nullae
302 1982 389 2035 capitum
406 1982 518 2041 sectiones.
549 1980 700 2034 Orthograplnia
722 1980 775 2022 haud
791 1993 840 2022 raro
855 1981 952 2040 soloeeass
973 1982 1034 2036 ιιρίν-

64 2068 129 2103 τονοι,
144 2048 293 2107 andrentium,
308 2048 494 2107 γυμνιτενόνιες,
507 2047 618 2105 θειότητι,
634 2049 759 2105 γνομὸνως,
775 2051 924 2101 naturatum,
940 2051 1033 2107 εἰιίσεη-

65 2138 114 2170 ναι,
137 2117 245 2177 ὑποργείν
264 2133 283 2175 p·
299 2117 436 2176 ιίνιονργεῖν,
456 2121 525 2174 aipein
545 2133 563 2174 p.
588 2120 652 2176 ε’ρών,
674 2116 754 2164 aalide
776 2134 795 2175 p.
812 2118 890 2172 κενόν,
913 2117 994 2177 detto
1012 2134 1031 2176 p.

64 2189 166 2245 ὑφέξειν,
189 2192 287 2236 tornata
306 2205 325 2246 p.
345 2192 447 2244 λνιιοῦν)
469 2186 625 2250 ἦνχιιρίσθησιι
641 2203 660 2245 p.
676 2186 844 2250 ἡνχειρίστνμιι,
861 2192 995 2245 φιννριιιθείς
1012 2205 1031 2245 p.

65 2260 200 2316 φρενωθείς,
217 2258 263 2305 alda
281 2274 299 2315 p.
315 2260 367 2321 ᾄιίμ
396 2262 479 2318 Multas,
501 2273 554 2315 quae
575 2261 635 2303 eliam
652 2262 671 2302 in
691 2260 731 2303 hoo
748 2259 825 2301 Codice
844 2262 984 2317 reperiuntur,
1000 2262 1032 2302 la-

65 2342 129 2373 cunas
151 2332 209 2372 uncis
231 2332 304 2374 criticis
320 2333 392 2375 inclusi
408 2332 589 2388 conjectandoqne
604 2331 691 2385 explevi.

116 2413 143 2449 l.
174 2411 211 2449 Clr.
225 2411 276 2460 prins
292 2415 385 2462 specimen
402 2412 505 2461 scripturae
521 2411 577 2460 lapidi
593 2411 670 2449 incisum
686 2410 703 2447 in
720 2410 781 2448 tabula
798 2410 839 2448 lruic
855 2410 902 2449 libro
918 2423 995 2450 annena.

400 2546 509 2589 LlTERAE
525 2545 694 2589 EXPLICATAE.

152 2643 173 2691 0,
190 2643 226 2681 on.
243 2654 269 2678 z
286 2641 350 2679 Codex
366 2642 500 2681 Ottohonianns
516 2647 565 2682 443.

151 2702 173 2749 C,
190 2701 210 2739 Cl
227 2713 253 2734 z
270 2700 384 2748 cotelerius,
401 2703 488 2740 Cotelerii
503 2703 548 2751 (Ed.
564 2703 602 2741 Lnt.
619 2701 674 2740 Paris.
694 2702 766 2746 lora.)

151 2762 165 2797 D
181 2773 210 2797 ::
227 2758 315 2796 Davisius¹
624 2786 625 2790 ,

150 2819 170 2856 Cl
187 2832 215 2855 Ξ
231 2817 312 2855 Clericus
330 2818 373 2863 (Ed.
390 2819 531 2856 Amstelaedami
551 2818 622 2865 1724.)

151 2879 174 2925 S,
191 2878 209 2915 si
226 2893 253 2909 =
270 2877 414 2925 Solnneglerus,
430 2877 546 2926 Sclrwegleri
562 2878 605 2923 (Ed.
622 2875 742 2924 Sluttgartlae
756 2877 827 2921 1847.)
