2276 3612
100 185 113 234 ι,
129 189 148 223 a.
166 188 184 224 a.
567 184 595 227 26

98 293 123 342 τό
138 295 279 353 δεινότατον,
295 299 316 345 εἴ
329 315 389 343 ποτε
399 296 538 347 αὐιάσασθαι
554 297 597 357 τὴν
610 300 719 359 φροντίδα
730 298 758 347 οἷς
767 294 869 357 άνωηελη
880 298 1057 359 ἐβουλευσάμην,

97 366 252 429 α’κμαιότιρόν
267 389 306 428 μοι
322 369 411 425 μάλλον
427 370 453 417 τό
469 368 548 422 πάθος
564 373 658 430 ἐγίνετο.
686 372 723 416 καί
737 363 847 430 ἠχθόμην
862 372 899 415 ent
915 366 1000 428 τοάτω,
1016 365 1056 417 οὐκ

97 437 160 490 εἰδώς
177 436 281 486 σάνοικον
297 435 368 496 καλήν
383 443 439 500 ἔχων
454 445 558 496 renotat,
575 440 705 490 ἀθανασίας
719 436 832 498 οἷγαθην1
847 443 923 488 αἰτίαν
939 461 978 500 μοι
994 460 1056 501 γενη-

98 512 198 571 σομένην
208 510 228 564 ²,
244 507 271 560 άς
284 506 381 566 ὕστερον
394 513 424 569 τῇ
439 512 504 569 πείρᾳ
519 514 619 571 ἐπέγνων
634 514 669 557 καί
686 511 734 570 Θεῷ
751 512 781 570 τῷ
797 509 889 556 πάντων
904 509 1001 573 δεσπότῃ
1016 508 1056 570 ηδ·

72 585 81 616 5
97 583 229 641 χαρίστησα,
259 575 305 626 dud
323 575 368 638 γάρ
383 583 422 638 της
436 576 482 626 κατ’
499 579 568 644 α’ρχσίς
589 580 718 642 θλιβούσης
738 599 768 637 με
787 581 877 629 ἑννοίας
899 585 930 632 εἰς
949 581 992 641 την
1011 584 1056 627 τάν

97 650 237 709 πραγμάτων
252 647 344 706 ζητησιν
366 652 401 696 καὶ
416 648 504 708 εάρεσιν
519 651 668 711 ἠναγκάσθην
683 654 770 697 ἐλθεῖν·
794 651 830 696 καὶ
852 647 903 696 τότε
925 645 1054 709 ἐταλάνιζον

95 720 137 772 οὓς
153 717 193 777 την
209 714 280 778 elogia
297 720 319 764 δί
336 718 432 777 άγυσιαν
447 724 583 780 μακαρίζειν
598 718 749 767 ἐκινδύνευον.

150 790 181 833 ffl·
212 787 251 833 Ἑν
274 788 357 840 παιδὸς
376 785 417 835 οὖν
434 789 522 852 ἡλικίαις
540 790 572 838 (όν
593 798 617 838 ἐν
639 790 752 839 τοισότοις
775 793 901 848 λογισμοῖς,
924 790 991 852 χάριν
1012 791 1053 838 τοι]

92 865 178 917 μαθεῖν
198 876 220 903 τι
240 859 351 917 βέβαιον,
371 864 402 909 εἰς
420 858 461 911 τάς
478 864 524 907 των
544 861 673 921 φιλοσόφων
693 862 787 919 ἐφοίτων
806 859 932 919 διατριβάς·
959 863 994 908 καί
1016 857 1054 906 ου’·

69 933 229 987 incuruata
245 927 360 987 ἑάρων,ἢ
380 930 500 986 δογμάτων
523 928 650 984 άνασκιυάς
672 934 707 978 καὶ
728 928 866 981 κατασκευάς
887 933 923 977 καί
942 937 998 989 ἕρεις
1019 932 1054 975 καὶ

92 1001 231 1055 φιλονεικίας
247 1002 283 1046 καλ
298 1002 454 1057 συλλογισμων
469 1004 548 1063 τέχνας
564 1006 601 1048 καί
611 1002 737 1061 λημμάτων
747 1001 856 1052 ἐπινοίας.
886 1003 922 1047 καί
935 998 994 1048 ότίιὅ
1009 1004 1054 1058 μὲν

92 1068 222 1127 ἐπεκράτει,
239 1069 290 1128 ’φέρε
306 1071 391 1131 λέγειν,
407 1069 441 1115 ὅτι
459 1069 579 1122 άθάνατος
594 1072 609 1130 η
625 1070 697 1132 ψυχά,
712 1069 749 1117 ece
764 1073 787 1116 δὲ
803 1070 837 1117 ότι
852 1071 937 1131 θνητή.
966 1076 1053 1118 εἴποτε

91 1135 134 1185 οὖν
148 1140 266 1198 ἐπεκράτει
281 1140 347 1198 λόγος
363 1139 397 1187 ότι
413 1139 544 1194 οἷθάνατός,
557 1148 656 1203 ἔχαιρον·
673 1139 742 1188 ὁπότε
758 1143 780 1187 dt
797 1142 831 1187 ὅτι
847 1140 937 1200 θνητή,
956 1138 1053 1189 ἐλυπού-

90 1222 150 1267 μην·
173 1213 253 1257 πλεῖον
273 1211 315 1257 δὲ4
336 1209 459 1269 η’θάμουν,
480 1209 515 1257 ὅτι
538 1208 585 1259 οὐδ’
606 1210 716 1268 ὁπότερον
732 1213 764 1260 εἰς
783 1209 825 1256 τόν
847 1209 903 1269 ἐμόν
927 1213 1053 1270 βεβαιῶσαι

68 1281 149 1327 κουράν
164 1279 292 1339 η’δυνάμην.
323 1279 403 1338 πλην5
419 1279 542 1328 συνενόουν
556 1281 592 1328 ὅτι
607 1287 630 1327 οἱ
647 1280 709 1336 δόξαι
725 1283 770 1326 τάν
785 1278 988 1340 άποθὲσεωνπαρδ
998 1279 1053 1330 eous

92 1351 237 1401 ἐκδικοῦντος
252 1349 366 1409 pecteret
382 1347 476 1410 άληθιῑς
490 1351 713 1412 κίπολαμβάνσνται,
733 1351 768 1395 καὶ
784 1346 825 1411 οάχ
841 1349 869 1400 τίς
888 1356 978 1411 ἔχουσιν
996 1347 1052 1409 άλη-

91 1423 158 1471 deluo
174 1421 305 1478 pervemat.
334 1419 456 1480 ἐπιστάσας
472 1419 514 1469 οὖν
529 1421 572 1481 η’δη
588 1426 643 1468 ποτὲ
658 1419 693 1467 ότι
708 1417 736 1465 οὐ
751 1418 812 1478 πυρά
832 1418 873 1472 τάς
892 1422 1051 1479 ἐκδικσυμένας

93 1576 137 1605 eam
153 1562 309 1606 sollicitudinem
323 1568 425 1619 tamquam
446 1564 537 1607 inutilem
556 1563 658 1618 repellere
680 1565 804 1618 cogitarem,
824 1562 967 1605 vehementior
986 1563 1049 1606 multo

93 1648 125 1676 me
135 1634 224 1690 urgebat
234 1633 329 1675 allectus:
346 1646 432 1688 eamque
447 1648 492 1689 rem
507 1647 571 1689 aegre
588 1634 686 1689 ferebam,
701 1634 796 1677 nesciens
813 1632 868 1687 quod
881 1634 1048 1675 contubernalem

66 1705 219 1760 topraecIaram
235 1703 331 1746 haberem
352 1716 396 1745 eam
418 1707 576 1760 cogitationem,
599 1718 653 1760 qnae
676 1704 723 1746 mihi
745 1705 799 1747 bona
819 1705 973 1748 immortalitatis
995 1705 1049 1748 ieret

92 1789 164 1833 causa,
186 1775 357 1830 quemadmodum
375 1783 447 1831 postea
471 1777 598 1831 experientia
613 1776 698 1830 agnovi,
723 1780 744 1817 et
758 1775 802 1818 Deo
825 1782 947 1818 cunctorum
962 1777 1047 1818 Domino

90 1848 166 1902 gratias
182 1849 221 1903 egi.
251 1848 301 1890 Cum
316 1849 369 1889 enim
384 1860 417 1889 me
433 1848 457 1889 ab
473 1848 529 1889 initio
546 1846 578 1888 illa
594 1845 733 1888 consideratio
748 1852 862 1901 premeret,
883 1846 908 1887 ad
926 1858 995 1887 rerum
1013 1848 1047 1888 in-

90 1918 220 1972 quisitionem
235 1924 256 1962 ct
269 1919 409 1960 inventionem
424 1919 496 1960 venire
512 1922 596 1959 coactus
612 1928 667 1957 sum:
682 1921 773 1969 tuncque
782 1916 870 1958 miseros
882 1916 979 1972 Judioavi,
995 1930 1047 1972 quos

88 1990 187 2043 principio
202 2003 239 2045 per
254 1988 391 2044 ignorantiam
405 1988 478 2030 beatos
493 1988 615 2042 praedicare
630 1997 693 2028 ausus
707 1985 793 2027 fueram.

63 2060 82 2093 25
145 2059 177 2104 ΙΙΙ.
207 2059 271 2113 Igitur
287 2072 332 2101 cum
349 2072 360 2101 a
375 2058 448 2112 puerili
463 2063 531 2100 aetate
546 2058 567 2098 in
582 2055 699 2111 huJ'usmodi
714 2055 813 2109 degerem
824 2057 988 2113 cogitationibus,
1004 2071 1045 2113 quo

89 2129 163 2184 aliquid
179 2130 229 2172 certi
245 2129 384 2183 addiscerem,
408 2127 433 2168 ad
447 2126 617 2180 pbilosophorum
633 2125 767 2167 adventabam
782 2126 872 2178 scholas,
888 2125 978 2181 nihilque
993 2128 1046 2169 aliud

89 2200 208 2256 cernebam,
225 2212 286 2254 quam
301 2199 418 2254 dogmatum
434 2197 587 2239 destructiones
603 2201 623 2237 et
639 2196 800 2251 adstructioncs,
821 2196 869 2237 item
884 2197 930 2238 lites
952 2203 972 2239 et
992 2210 1046 2240 con-

89 2271 201 2325 tentiones,
225 2275 246 2311 et
259 2269 425 2324 syllogismorum
446 2267 542 2321 artificia,
568 2278 651 2308 necnon
671 2266 808 2320 sumptionum
831 2268 1002 2322 excogitationes:
1026 2276 1046 2312 et

87 2340 189 2382 interdum
205 2339 287 2395 quidem
302 2340 445 2394 praevalebat,
460 2339 519 2380 verbi
535 2338 610 2393 gratia,
627 2337 713 2378 animam
729 2350 777 2380 esse
791 2339 931 2396 immortalem,
944 2341 1046 2383 interdum

63 2416 157 2452 acautem
172 2407 278 2453 mortalem
294 2422 346 2453 esse.
376 2412 396 2454 Si
413 2409 494 2466 quando
511 2411 573 2465 igitur
589 2420 658 2452 sermo
674 2409 700 2451 de
715 2410 767 2452 illius
776 2409 926 2453 immortalitate
935 2412 1045 2467 obtinebat,

87 2481 189 2533 laetabar,
212 2494 257 2523 cum
272 2495 323 2524 vero
343 2494 411 2525 sermo
432 2481 458 2522 de
475 2481 605 2535 mortalitate,
629 2480 691 2522 tristis
711 2492 777 2521 eram:
798 2482 863 2534 magis
885 2486 952 2523 autem
973 2496 1045 2525 rursus

88 2552 176 2593 animum
193 2551 354 2608 despondebam,
372 2553 426 2609 quod
443 2557 538 2594 neutrum
554 2564 638 2606 possem
653 2552 716 2593 menti
731 2564 790 2593 meae
805 2551 902 2606 infigere:
921 2565 993 2594 verum
1007 2567 1044 2595 re-

86 2623 182 2676 putabam
198 2634 285 2678 mecum,
306 2626 417 2666 sententias
439 2623 627 2665 controversiarum
643 2634 681 2676 pro
698 2622 776 2664 viribus
791 2629 968 2676 propugnatorum
983 2638 1044 2667 veras

87 2700 122 2736 aut
136 2693 199 2735 falsas
215 2693 335 2749 existimari,
350 2707 393 2737 non
408 2700 475 2737 autem
491 2694 542 2735 tales
558 2694 633 2747 uideri,
655 2693 726 2747 quales
744 2702 821 2733 'revera
836 2699 889 2736 sunt.
923 2695 967 2736 lam
982 2697 1044 2750 igitur

119 2777 136 2813 1.
166 2766 247 2824 άγιιθίγς
261 2773 280 2810 G.
395 2791 396 2794 =
575 2774 587 2810 S
608 2772 627 2810 in
643 2772 727 2811 auxilium
748 2773 826 2810 vocarit.
864 2774 911 2812 Vbb.
928 2770 958 2813 ότι
973 2772 1043 2827 θνητή,

116 2838 135 2871 2.
165 2828 269 2884 γενομένην
285 2832 303 2869 G.
324 2832 352 2881 τῷ
366 2838 407 2870 ante
423 2828 503 2870 πάντων
517 2842 550 2868 en·
575 2828 698 2883 ἐλυπούμην·
718 2830 786 2869 πλεῖον
802 2826 823 2870 δὲ
839 2828 929 2883 ἠθύμουν
945 2834 1010 2873 desunt
1024 2836 1042 2873 in

89 2891 131 2929 cidit
153 2904 163 2929 e
186 2890 297 2929 recensione
318 2891 389 2930 Clerico
410 2912 437 2920 —-
459 2891 550 2938 Sclrrreg-
575 2895 625 2928 textu
642 2890 668 2928 Gi.

88 2950 161 2988 leriana.
514 3000 516 3003 y
607 2952 624 2986 5.
654 2950 727 2987 Rufinus
751 2949 826 2987 clarius:
854 2952 899 2992 „sed
919 2952 955 2989 lroc
975 2958 1042 2991 tantum

118 3012 135 3046 3.
166 3004 198 3047 ὁτὲ
211 3004 281 3060 μὲν-
294 3002 327 3045 ὁτὲ
338 3003 358 3046 δὲ
373 3008 417 3057 80,
436 3003 468 3047 ὅτε
478 3003 551 3059 μὲν-
575 3007 708 3057 intelligebam,
730 3010 779 3055 quod
794 3008 896 3047 sententiae
912 3023 933 3048 ac
950 3012 1041 3050 defiuitio-

88 3062 122 3106 ὅτε
138 3062 158 3104 δὲ
173 3067 192 3104 G.
576 3078 608 3103 nes
624 3079 683 3105 rerum
700 3079 736 3105 non
752 3079 786 3116 pro
802 3068 866 3105 natura
882 3068 909 3107 sui
927 3083 949 3108 ac
964 3071 1041 3109 veritate

117 3130 135 3164 t.
165 3126 263 3163 ltalocum
279 3124 343 3163 sanari
360 3124 413 3162 exili
443 3126 502 3173 Prope
519 3138 550 3163 ac·
576 3136 679 3174 causarum,
704 3127 737 3163 sed
757 3138 791 3175 pro
807 3125 885 3173 ingeniis
906 3129 1039 3169 defendentium

87 3184 136 3223 cedit
151 3183 243 3233 Epitome,
262 3197 315 3233 quam
331 3184 440 3223 admonente
456 3185 548 3223 Gotelerio
574 3184 631 3222 falsae
646 3184 789 3234 imaginarentur
804 3190 834 3224 aut
849 3195 922 3226 iarael
