2276 3612
575 219 589 264 6

102 338 147 393 μέν
163 338 212 394 ἐμοὶ
228 335 324 389 δέξαντο
339 337 410 388 καλῶς
425 334 527 398 ἑσήμανοὶ
543 334 631 393 comari
647 337 670 384 bc*
685 353 719 383 σοι
734 335 828 391 bononie,
848 330 909 394 υέριέ
928 350 986 392 μου,
1006 350 1060 394 πρε,

101 404 190 457 πόντιος
205 409 310 454 ἐπιτέλει,
340 411 427 467 έρροισο.

102 582 337 630 ΛΙΑΜΑΡΤΥΡΙΑ
346 586 433 632 ΠΕΡΙ
444 586 520 632 ΤΩΝ
530 584 749 633 ΤΟΥΒΙΒΛΙΟΥ
761 582 960 630 AAMBANON
964 584 1060 630 TJZN1.

160 689 176 733 Ι.
204 686 335 748 Ἀναγνοιές
357 687 399 736 οὖν
423 690 436 737 o‘
454 689 582 750 Ἰοέιιαβος2
611 690 652 748 τὴν
673 686 794 747 ἐπιστολήν
822 690 986 746 μετεκαλέσατο
1010 687 1062 742 τούς

77 770 85 801 5
104 760 283 817 πρεσβυτέρους,
304 762 341 806 οιαὶ
358 760 435 813 αὐτοῖς
453 758 566 819 οἷνσννοές
586 766 638 820 ἔφη’
660 756 786 818 ἀναγκαίοις
806 759 843 804 καὶ
863 756 994 814 πρεπόντως
1009 763 1061 818 περὶ

103 829 142 886 τῆς
157 827 267 885 οἷλνρθείας
283 827 449 888 α’σιμολίζεοθαι
472 828 606 915 ὁῆμέτερος
621 827 738 888 ὑπέμνησε
754 830 854 886 Πέτρος,
878 827 937 878 ὅπως
957 828 997 880 τοὶς
1019 832 1063 876 τών

103 897 177 944 abaci}
192 897 343 980 πρρυνμοῖτοιν
360 900 574 957 bioneprpbet'euc‘
560 919 592 958 νμ
595 913 616 946 te
635 901 731 958 βιβλους
752 899 860 957 μορέενιρ
860 897 1051 955 cecotoeopee‘
1035 918 1063 950 ως

102 971 217 1027 έτυχιν,υ
209 965 315 1030 ’ράγαθιιῐ
330 972 374 1016 τινὶ
389 971 426 1015 παὶ
441 967 543 1027 εύλαβεῑ,
558 972 589 1028 τῷ
603 990 641 1016 ναι
634 966 763 1015 tibatone
775 970 909 1027 αἱρουμένῳ
918 970 1063 1029 ἑμπεριτόμρι

103 1055 127 1080 τε
148 1034 197 1082 ὁντι
216 1041 292 1097 πιστῷ
329 1040 385 1083 ιιαι5
407 1056 481 1084 ταυτα
503 1036 536 1121 μή
560 1038 637 1084 ποὶντα
663 1036 734 1096 ομού,
753 1036 886 1084 beatitate
906 1049 952 1091 τοῖς
968 1037 1064 1098 πρώτοις

79 1105 215 1163 tuuyeoipcorn
231 1110 334 1166 φωραθῇ,
349 1126 376 1153 τα
372 1105 482 1165 ιέευτεροι
497 1105 530 1166 μή
546 1110 669 1166 πιστευθῇ.
699 1105 733 1153 (bb
743 1104 1064 1166 μνέλαττονὲτοσινέξδονι-

104 1177 219 1231 μαζέσθιο·
236 1179 272 1222 ναὶ
287 1177 332 1222 εἴθ’
348 1177 427 1233 οὕτως,
442 1176 499 1225 αυτοὶ
515 1175 556 1237 τὴν
573 1181 683 1229 incitator
699 1175 795 1237 οἲνωγήν,
810 1176 925 1236 α’νοινὸντα
941 1177 1011 1227 ου’τὸν
1026 1182 1063 1225 έπέ

105 1243 242 1303 ποταμόνῆ
264 1244 352 1305 πηγήν,
377 1247 432 1308 ὅπερ
452 1251 498 1295 ἐστὶ
520 1252 562 1306 ζών
578 1248 649 1307 ὕδωρ,
673 1248 762 1309 bobeta}
781 1249 846 1294 τῶνψ
867 1250 958 1296 δικαίων
978 1251 1065 1308 γίνεται

104 1315 263 1375 οἶναγέννορσις,
278 1315 312 1375 μή
327 1316 418 1376 ὁρμίσαι,
433 1320 483 1364 ἐπεὶ
499 1318 532 1376 μὴ
547 1325 639 1375 ἔξεστιν,
655 1315 710 1366 obibo?
726 1316 993 1379 temperamentorum
1009 1318 1065 1376 πρὸς

105 1388 134 1446 τῷ
150 1385 216 1433 bibunt
232 1389 268 1433 neb
283 1386 496 1446 έπιμοιρτέιρασθοιι,
518 1387 547 1439 οἷς
566 1391 602 1435 ναὶ
624 1385 689 1437 αὐτοὶ
704 1386 888 1448 οἲναγεννιέμενοι
908 1390 1065 1438 κελευσθέντες

81 1463 99 1497 15
106 1457 247 1514 ἐποιήσαμεν
262 1460 304 1503 τοὺ
319 1456 351 1515 μὴ
368 1455 479 1515 οἳμαρτεῑν
493 1458 566 1518 χάριν.

164 1527 186 1570 u.
217 1528 306 1586 Λιρέτω
322 1529 355 1574 δέ·
371 1526 488 1585 μάρτυρος
503 1533 577 1587 ἔχοιμι
592 1525 699 1586 ου’ρανὸν,
714 1529 766 1586 γῆν,
781 1527 848 1585 ὕδωρ,
862 1532 887 1574 έν
902 1525 935 1577 οἷς
946 1524 972 1571 τοὶ
988 1526 1065 1573 πάντα

109 1599 244 1658 περιέχεται,
268 1596 343 1656 πρὸς5
358 1597 453 1654 jecorem
471 1596 490 1642 δ’
506 1597 578 1644 ἅπασι
601 1601 637 1645 ναὶ
660 1597 701 1644 τὸν
721 1595 757 1643 διαὶ
773 1596 864 1645 πάντων
879 1592 984 1654 διέποντα
1002 1594 1066 1654 οἲέρα,

108 1739 240 1795 videbantur,
256 1740 342 1793 pulchre
357 1740 393 1782 tibi
408 1737 531 1794 significavi:
553 1737 610 1793 quod
625 1750 678 1781 vero
697 1738 732 1781 tibi
748 1738 849 1794 placebit,
869 1738 957 1782 Domine
972 1740 998 1782 mi
1004 1773 1009 1796 ,
1025 1739 1065 1784 de-

109 1815 180 1853 center
196 1822 320 1865 exsequere.
351 1811 406 1854 Vale.

83 2011 101 2043 οο
225 1997 438 2049 CONTESTATIO
457 1998 515 2047 PRO
534 1996 570 2048 HS
589 1997 639 2057 QUI
655 1997 768 2047 LIBRUM
782 1996 965 2049 Aeetetbttt..

166 2104 181 2148 t.
211 2105 283 2160 Itaque
302 2105 404 2161 Jacobus7
423 2105 476 2146 lecta
499 2104 594 2159 epistola,
615 2103 737 2147 convocavit
751 2104 898 2162 Presbyteros,
922 2109 1009 2163 cumque
1029 2109 1067 2152 illis

109 2175 203 2231 legisset,
220 2177 255 2218 ait:
272 2176 391 2218 necessario
408 2180 428 2217 et
444 2180 586 2229 congruenter
599 2174 625 2215 de
640 2175 727 2216 veritate
742 2175 862 2217 stabilienda
878 2183 948 2219 noster
964 2179 1068 2222 admonuit

109 2247 192 2302 Petrus,
207 2253 229 2289 ut
242 2247 418 2301 praedicationum
433 2257 517 2288 suarum
533 2246 593 2287 nobis
608 2245 682 2287 missos
697 2245 760 2287 libros
776 2246 852 2287 nemini
866 2252 945 2290 temere
961 2251 1067 2292 eoncede-

110 2330 164 2372 mus,
178 2323 256 2359 tantum
273 2318 317 2359 viro
334 2318 389 2359 bono
406 2321 426 2357 et
440 2316 550 2371 religiose,
569 2316 645 2369 quique
660 2315 737 2356 decere
752 2315 846 2371 voluerit,
864 2329 887 2358 ac
903 2319 928 2360 sit
942 2318 1007 2362 fidelis
1024 2321 1067 2361 cir-

86 2388 222 2440 tteumeisus3
238 2401 317 2442 eosque
331 2401 374 2430 non
391 2392 477 2429 cunctos
493 2386 561 2428 simul:
586 2398 637 2442 quo,
660 2387 712 2429 siin
728 2387 831 2440 prioribus
851 2388 956 2442 improbus
971 2390 1067 2434 inventus

111 2459 183 2513 fuerit,
204 2460 331 2513 posteriores
346 2460 366 2500 in
381 2458 442 2499 fidem
455 2469 513 2500 suam
528 2469 570 2498 non
586 2457 676 2511 accipiat.
713 2457 781 2506 Quare
803 2470 844 2500 non
864 2460 930 2502 minus
953 2462 1010 2502 annis
1030 2474 1068 2504 sex

111 2530 267 2583 comprobetur:
283 2531 354 2583 sicque
369 2533 452 2583 postea,
468 2527 582 2570 secundum
597 2527 673 2582 Moysis
688 2529 845 2585 institutionem,
868 2530 902 2584 qui
916 2530 979 2574 libros
1001 2533 1067 2574 tradi-

112 2607 170 2642 turus
187 2606 218 2642 est
233 2601 320 2642 adducat
336 2613 382 2642 eum
398 2599 423 2640 ad
437 2598 513 2640 flumen
529 2604 564 2640 aut
578 2598 664 2654 fontem,
682 2600 717 2653 qui
732 2606 763 2643 est
778 2613 832 2655 aqua
847 2601 902 2657 viva,
918 2601 953 2642 ubi
964 2603 1067 2657 Justorum

111 2672 132 2713 fit
147 2673 290 2726 regenerati03
305 2677 325 2713 et
340 2683 382 2712 non
399 2670 479 2724 quidem
494 2669 518 2710 ad
532 2669 675 2724 jusjurandum
691 2670 769 2726 adigat,
785 2672 881 2725 quoniam
896 2685 938 2714 non
953 2673 1009 2729 licet,
1030 2676 1067 2718 sed

89 2743 182 2798 aojubeat
197 2743 263 2795 ipsum
279 2741 359 2783 adstare
372 2743 431 2796 juxta
446 2753 528 2795 aquam,
553 2745 572 2781 et
587 2741 707 2796 contestari,
729 2742 781 2784 sicut
801 2747 821 2784 et
840 2755 885 2784 eum
904 2757 1068 2802 renasceremur,

108 2813 160 2869 J'ussi
174 2813 270 2866 fecimus)
285 2824 324 2854 nos
339 2824 381 2853 nen
395 2817 526 2866 peccaturos.

167 2883 189 2925 II.
221 2883 281 2923 Dicat
296 2887 373 2924 autem:
388 2888 452 2925 testes
472 2883 559 2924 habeam
579 2883 670 2938 coelum,
692 2888 779 2938 terram,
800 2896 882 2940 aquam,
904 2886 977 2939 quihus
1001 2889 1067 2929 omnia

111 2956 251 3010 continentur,
272 2959 334 3009 atque
349 2954 432 3008 insuper
448 2954 478 2996 his
494 2954 587 2996 omnibus
604 2959 672 2996 aerem
689 2966 782 3008 quoque,
804 2956 837 3008 qui
858 2955 954 2998 uniuersa
974 2959 1068 3011 pervadit

146 3125 163 3162 1.
193 3122 243 3159 Nulla
257 3120 299 3159 inO
314 3124 332 3158 et
343 3121 414 3169 Fragmt
430 3119 529 3170 inscriptio,
544 3132 578 3158 ne·
634 3122 652 3158 3.
683 3115 716 3158 aot
732 3116 754 3158 οὐ
770 3118 784 3158 0
800 3121 861 3159 ultima
875 3133 922 3160 voce
937 3124 1038 3162 subnotata.

116 3194 150 3231 que
167 3182 219 3219 locus
235 3180 251 3217 ei
266 3180 347 3219 relictus.
633 3180 653 3217 4.
683 3178 722 3217 τῶν
738 3179 805 3217 inserui
821 3192 836 3218 ο.
853 3180 867 3217 0
884 3187 902 3219 et
916 3183 988 3231 Frogm.

145 3245 164 3283 2,
196 3236 296 3292 ἰαακῶβος
312 3239 333 3277 Ο.
634 3238 652 3277 5.
683 3233 722 3290 πρὸ
739 3239 753 3276 0
770 3241 866 3287 etFragm.
882 3242 925 3278 Tum
934 3237 954 3280 δὲ
967 3237 1069 3282 boareto.
