2276 3612
525 265 552 308 95
883 263 911 311 ιιι,
928 264 1021 302 οτ-ει.

115 378 195 423 XXXII.
226 376 302 439 Ὑμεῖς
317 375 359 425 οὖν
375 374 403 428 οἷς
420 378 480 423 &eoo
495 379 571 422 δοῦλοι
586 377 737 437 ειίγνσίμονες,
761 374 799 435 αφ’
813 375 900 421 ἑαυτῶν
915 372 941 419 τὸ
956 371 1021 420 adlo-

17 470 19 479 =
56 466 98 507 γον
112 450 232 503 νσσυντες,
247 447 289 506 τήν
305 466 366 504 αυτμ
381 463 520 504 αρεσταυσαν
536 444 677 501 οἲναδέξασθε
693 449 821 501 πολιτείαν,
836 451 875 493 ἵνα
890 443 961 496 οὕτως
977 440 1020 490 ατί-

56 517 97 563 τδν
112 520 233 576 φιλοῦντες
254 521 291 565 ταί
316 515 453 575 φιλούμενοι
474 513 514 561 ὁπ’
538 513 609 561 αὐτου
629 520 660 568 εἰς
685 516 720 564 olel
741 515 766 564 τὸ
786 517 904 574 συμφέρον
923 517 995 576 ἔχοιτε
1005 513 1020 555 1·

57 588 116 648 adop}
129 588 174 648 γείρ
189 589 251 650 μόνφ
266 588 291 635 τὸ
307 598 432 648 παρασχεῖν
447 584 606 634 δυνατώτατον
621 591 695 642 ἔστιν,
722 590 751 646 τῷ
766 585 794 633 τοί
817 587 851 647 μη
873 584 930 633 ὄντα
946 589 978 634 εἰς
994 582 1019 629 ud

56 659 114 704 εἶναι
128 661 303 719 συστησαμένη,
325 654 425 718 οὐρανὸν
443 654 648 714 δημιουργησαντι,
666 660 709 714 γην
730 656 868 714 πιλώσαντι,
893 655 1034 702 θαλασσανο

56 731 223 786 περιορίσοντι,
238 727 265 776 τοί
281 734 306 776 ἔν
321 726 365 789 η’ίδη
380 726 533 789 ταμιειίσαντι
549 728 586 772 ταὶ
600 725 627 771 τοί
644 725 720 772 ποίντα
736 724 820 785 σίέρσς2
834 725 987 787 πληρώσαντα

112 801 200 845 ΧΧΧΙΙΙ.
233 792 309 850 Οὗτος
324 800 396 857 μόνος
411 797 453 857 την
468 798 527 855 μίαν
543 797 579 841 καί
596 791 702 854 πρώτηνὸ
718 799 825 854 μονοειδῆ
839 797 923 846 οὐσίαν
939 814 1019 854 τετρα-

56 870 98 930 χῶς
112 873 149 916 ταί
165 871 272 918 ἐναντίοις
286 875 392 929 ἔτρεφεν·
408 871 456 916 εἶτα
472 869 540 925 μίξας
555 862 644 924 αριίσεις
659 869 681 919 ἐξ
696 863 770 913 αὐτῶν
790 870 895 928 ἐποίησεν
900 904 907 924 ,
931 875 969 916 ἵνα
985 871 1019 920 εἰς

56 941 183 990 ἔναντίαςί
198 938 277 998 φυσεις
292 941 448 999 τετραμμέναι
464 940 501 985 ταὶ
517 936 660 995 μεμιγμέναι
675 938 719 983 τοῦ
734 938 773 992 rto
788 935 873 996 η’δονην
890 943 913 984 εἰι
924 940 965 999 τῆς
976 934 1019 984 οἷν-

55 1012 184 1069 τισνζυγίας
199 1009 352 1071 ε’ργιίσανταιν
375 1010 453 1070 ὀμώς5
469 1006 538 1066 αὐτὸς
552 1006 624 1065 μόνος
642 1006 729 1065 δήμους
745 1005 844 1067 ιίγγέλαν
859 1009 897 1054 καί
912 1005 1042 1067 πνευμοί-ἰσ

55 1097 99 1127 ταν
114 1083 201 1139 βουλῆς
216 1081 315 1141 νεύματι
330 1081 511 1142 δημιουργήσας,
526 1082 610 1137 ἔπλησε
624 1077 680 1129 τσιίς
695 1075 816 1136 ου’ρανοιίς·
833 1076 862 1132 οἷς
877 1080 913 1125 ταὶ
928 1076 953 1125 τό
965 1096 1017 1136 φαι-

55 1151 157 1209 νόμενον
182 1153 293 1211 στερέωμα
310 1151 403 1213 δστροις
417 1144 554 1211 ἐκόσμησεν,
579 1149 612 1200 οἷς
632 1149 668 1195 ναί
687 1148 779 1207 τρίβους
795 1146 860 1209 ὥρισε
876 1151 913 1196 ταί
931 1150 1017 1209 δρόμον

55 1226 144 1275 ἔταξεν·
169 1225 213 1281 γῆν
229 1224 338 1270 tortuoso
353 1227 385 1274 εἰς
406 1224 498 1281 ταρπών
514 1219 618 1278 αὔξησιν·
640 1219 764 1266 θάλασσαν
784 1220 807 1266 δέ
827 1220 971 1279 περιώρισεν,
993 1225 1017 1266 ἔν

55 1285 180 1350 σίνιίδροις6
194 1295 284 1351 ,σίτησιν
299 1292 420 1350 οίφορίσας·
437 1290 464 1338 τοί
480 1297 505 1339 ἐν
520 1290 564 1352 ᾅδῃ
579 1288 693 1348 ταμιεύει,
708 1291 787 1350 ψυχῶν
801 1292 873 1351 χώραν
888 1288 1017 1350 ὀνομάσας·

54 1358 82 1406 τοί
98 1361 121 1408 δέ
136 1362 215 1409 ποίντα
230 1365 329 1423 ἔπλησεν
344 1359 421 1420 ἀέρος’,
436 1368 475 1409 ἵνα
490 1361 568 1409 πάντα
590 1359 617 1408 τοί
635 1362 678 1417 ζῶα
694 1356 750 1417 πρὸς
772 1378 784 1405 τ

55 1432 134 1478 πνέειν
149 1436 195 1493 ἔχοι
206 1433 224 1478 ⁷.

111 1504 200 1549 XXXIV.
227 1500 263 1548 Ὢ
285 1504 325 1559 τῆς
345 1500 445 1561 μεγάλης
468 1503 527 1549 beot
543 1504 657 1561 φρονίμου
678 1498 749 1563 χειρὸς
764 1502 804 1560 τῆς
818 1506 843 1549 ἔν
858 1505 916 1549 πᾶσι
939 1503 1016 1551 ποίντσι

110 1644 190 1688 XXXII.
221 1645 262 1687 Vos
277 1644 351 1701 igitur,
372 1649 394 1686 ut
415 1649 486 1700 gratos
501 1645 539 1687 Dei
555 1657 629 1688 servos
648 1645 718 1701 decet,
742 1658 768 1688 ex
788 1646 848 1689 vobis
867 1646 924 1702 quod
942 1647 1017 1689 radoni

55 1721 218 1759 consentaneum
234 1722 265 1759 est
279 1716 422 1772 intelligentes,
437 1718 498 1759 vitam
515 1717 533 1759 ei
548 1717 663 1770 placentem
672 1717 820 1773 amplectimini,
836 1722 859 1759 ut
873 1717 1016 1772 sic,'amantes

55 1799 101 1827 eum
117 1793 138 1830 et
154 1788 178 1829 ab
196 1799 221 1830 eo
237 1788 306 1844 amati,
329 1787 385 1843 quod
401 1788 478 1830 bonum
494 1795 526 1832 est
541 1789 665 1843 possideatis
680 1793 788 1843 perpetuo.
824 1788 874 1830 Illud
895 1788 949 1830 enim
971 1788 1042 1842 ipseac

54 1858 111 1901 solus
126 1859 215 1901 mammo
229 1863 298 1912 potest
318 1863 434 1915 praestare,
458 1859 492 1913 qui
513 1872 557 1902 non
577 1860 696 1902 exsistentia
718 1859 744 1901 ad
764 1859 904 1902 exsistentiam
925 1858 1016 1913 adduxit,

54 1929 134 1970 coelum
150 1921 238 1983 creavit,
253 1929 329 1971 terram
345 1929 459 1985 compegit,
479 1942 536 1973 mare
552 1930 662 1985 conclusit,
684 1942 737 1985 quae
751 1930 772 1971 in
786 1929 857 1972 inferis
873 1935 921 1973 sunt
935 1940 1015 1971 recon-

53 1998 112 2054 didit,
128 2003 244 2053 cunctaque
259 1999 347 2054 replevit
362 2004 417 2042 aere.
459 2032 460 2035 ι
522 2021 523 2025 =

55 2068 56 2071 ’
110 2068 197 2118 ΧΧΧΠΙ.
227 2069 264 2111 HIc
278 2070 336 2113 solus
352 2082 413 2111 nnam
427 2082 451 2112 ac
466 2069 551 2123 primam
569 2070 722 2125 simplicemque
745 2070 878 2112 substantiam
894 2070 1014 2125 quadrupli-

53 2141 104 2183 citer
118 2145 139 2183 et
154 2141 258 2183 contrarie
273 2141 386 2184 convert‘t:
408 2153 432 2182 ac
448 2140 523 2183 deinde
546 2141 682 2195 commiscens
702 2140 756 2182 mille
775 2140 823 2182 inde
838 2140 936 2195 produxit
950 2142 1040 2198 mistam

54 2223 95 2267 quo
111 2212 225 2254 contrarIas
240 2213 261 2254 in
275 2218 359 2255 naturas
375 2216 464 2254 mutatae
487 2224 511 2253 ac
527 2212 636 2266 permistae
658 2224 692 2254 res
708 2211 762 2253 vitae
782 2211 907 2265 voluptatem
922 2224 961 2266 per
975 2224 1014 2266 cp-

52 2284 176 2337 pcsltionem
191 2289 335 2339 procurarent.
365 2283 411 2337 lpse
427 2283 486 2324 etiam
503 2282 559 2324 solus
576 2281 664 2336 populos
680 2282 802 2338 angelorum
814 2289 834 2324 et
848 2284 1015 2338 spirituumnutu

53 2354 164 2398 voluntatis
181 2354 280 2409 condidit,
295 2353 466 2409 iisque‘implevit
482 2354 563 2397 coelos:
579 2353 632 2395 sicut
647 2359 668 2395 et
685 2353 741 2408 (prod
756 2354 850 2396 videmus
866 2354 1015 2397 srrnramentam

54 2426 201 2471 condecoravit
209 2425 278 2482 stellis,
293 2425 368 2479 quibus
376 2424 458 2485 semitas
467 2424 557 2467 definivit
567 2436 692 2479 cursumque
705 2424 816 2467 crdmavb:
832 2431 915 2482 terram,
930 2432 1015 2481 propter

53 2496 134 2551 frugum
149 2497 309 2551 Incrementum,
326 2496 440 2551 compegit,
455 2508 512 2538 arare
528 2500 595 2537 autem
611 2495 723 2550 conclusit,
745 2495 893 2540 habitationem
912 2499 932 2539 in
955 2499 1014 2541 slecis
1021 2505 1040 2538 sb

53 2567 104 2611 locis
120 2566 259 2612 secernendo:
276 2579 329 2622 quae
346 2566 398 2621 apud
413 2566 492 2610 inferos
508 2571 555 2610 sunt
570 2565 694 2621 recondidit,
718 2566 831 2609 ammarum
847 2569 916 2611 locum
931 2582 1014 2611 ιιιιιισιι-

53 2651 112 2693 pans;
129 2643 203 2680 cuncta
217 2649 268 2679 vero
284 2638 371 2692 replevit
387 2643 446 2694 ae're,
462 2643 484 2680 ut
500 2638 567 2682 omma
583 2637 675 2680 animabo
692 2638 852 2692 respirationem
868 2640 922 2683 vitae
938 2653 1013 2684 neces-

53 2710 126 2753 sariam
141 2707 243 2749 baberent
256 2707 348 2752 llberam.
642 2703 643 2706 ’

110 2778 198 2823 XXXIV.
228 2778 355 2834 Orrragnam
371 2780 409 2823 Dei
425 2793 449 2823 ac
463 2781 586 2835 prudentem
600 2791 687 2835 manum,
703 2780 723 2822 in
740 2782 835 2826 omnibus
851 2783 917 2827 omma
933 2782 1012 2826 lacien-

97 3007 101 3016 .
123 2979 176 3026 frog.
192 2976 252 3029 ἔχητε.
267 2980 286 3016 S.
545 2981 612 3018 tionem
631 2981 764 3020 constituens.u
805 2985 887 3022 Absurde
909 2989 937 3021 est
956 2985 1014 3024 Cote-

97 3058 112 3076 .=
132 3033 177 3088 ἀέρι
193 3039 213 3075 C.
409 3060 412 3066 ·
545 3039 584 3076 lerii
598 3039 667 3077 versio.
683 3042 705 3078 D.
735 3042 798 3081 Voluit
813 3041 915 3080 Cotelerius
930 3044 950 3081 iu
966 3045 1013 3082 locis

97 3125 101 3134 .
131 3096 218 3134 Fortasse
233 3095 349 3134 scribendum
365 3092 457 3149 πρώτως.
473 3099 493 3136 S.
544 3097 598 3135 siccis
614 3110 647 3136 seu
663 3111 710 3148 aqua
726 3112 762 3138 non
777 3101 829 3139 tectis
845 3102 906 3139 datam
921 3115 964 3142 csso
974 3109 1013 3142 ter-

96 3182 101 3191 .
132 3151 228 3199 ἐναντίοις
244 3155 264 3193 0.
543 3156 632 3195 rostribus
649 3157 756 3198 animalibus
773 3159 911 3199 habitationem.
927 3163 953 3201 ct

84 3215 102 3252 ί.
131 3209 339 3263 Ιιτ8,ὅμωςῦ.0.
573 3218 592 3254 t.
608 3211 640 3269 ἐχὴ
656 3217 705 3267 (εἰσ)
722 3218 742 3255 0.

96 3299 100 3309 .
130 3270 181 3320 Lege
196 3268 285 3326 ἐνέδρας
306 3271 427 3321 laquatilibus
447 3272 519 3329 babita-¹
