2276 3612
567 248 609 305 163
928 254 958 304 m
976 256 1065 292 1u-12

105 367 179 451 up‘puiot
199 370 294 427 καρποί,
316 375 340 417 αἱ
362 370 385 415 δέ
407 367 464 426 πρὸς
484 364 538 419 code
553 366 656 426 ἄφρονας
671 369 763 423 δείξεις1
783 374 807 416 αἱ
822 364 871 415 κατ’
886 368 960 417 ἐνίονς
975 385 1067 458 καιρους

106 436 223 496 οἷκαρπίαι
281 485 283 491 ,
918 455 919 458 ’

162 510 195 554 XI
230 513 311 558 Ταῠκα
334 511 377 555 κοῦ
391 507 527 560 ’Acclama
548 507 741 568 α’λληγοροῦννος,
768 509 865 562 ου’ννοκς
889 506 921 554 ὦν
942 502 982 565 ἐγολ
1002 507 1065 557 ἐκλεξα

104 589 148 630 κοῖς
161 577 203 626 v‘u’
218 582 289 629 αὐτοῦ
310 579 441 637 λεγομένοις
461 576 494 635 μη
515 580 704 636 παρακολουθεῖν.
742 579 794 625 (λαὶ2
813 579 855 627 τὸν
875 577 945 638 λόγον
967 575 1065 634 ἐγκόψας

103 654 146 707 ἔφη
161 668 211 707 μοι·
232 656 252 698 εἰ
271 650 304 710 μή
323 651 505 707 παρακολουθεῖς
524 649 557 700 οἷς
572 651 638 708 λε’γα,
662 650 685 694 κί
703 651 738 695 καὶ
759 649 801 708 νην
824 648 895 712 ἄρχην
917 649 1080 706 ἐκαλέγαμαηῡ

102 718 162 781 κοῖγαλ
176 718 347 780 ἀπεκρινάμην
371 715 405 775 μη
424 737 454 776 με
469 715 625 778 ὑπολάμβανε
644 717 792 777 α’ναισθηπας
807 725 866 781 ἔχειν
887 722 931 766 κεῖν
953 716 1003 764 ὑπό
1023 735 1063 764 ooo

101 791 235 848 λεγομένοιν.
271 787 334 834 uduo
349 786 392 845 γοῖρ
408 786 468 835 oded
485 790 592 846 συνίημι,
615 785 656 833 οἶκε
670 783 696 845 ἐκ)
712 783 738 832 οὐ
758 792 848 846 πρώιον
864 791 940 837 adeda
956 784 1063 847 ἀκηκοώς.

101 865 139 906 ἵνα
155 862 178 907 dt
192 864 249 920 γνῷς
271 858 307 905 ὅτι
323 853 364 904 οὐκ
385 855 459 917 οἷγνοώ
473 856 501 904 eui
520 856 569 905 dud
591 876 631 905 εον
646 857 773 916 λεγόμενα,
794 857 822 904 καὶ
842 861 886 916 μέν
906 879 940 907 σοι
959 861 1061 919 ῥηθέντα

100 933 267 988 ἐπιτεμοῦμαι,
281 930 327 974 κεῖν
344 931 367 975 dt
384 928 589 987 παραλειφθὲνναν
606 947 640 976 οοι
656 926 704 974 κατ’
721 925 875 984 duntone-lue,
893 929 921 979 uie
942 927 1000 990 παρ’Ι
1011 930 1060 975 ἑνέ-

100 1017 143 1055 ραν
156 997 254 1057 η’κοοοα,
269 994 427 1058 οἳποπληρκλαω
442 998 483 1051 κάς
499 995 641 1058 οἷλληγοριάς.
676 999 713 1044 καλ
730 997 742 1043 ὁ
757 998 864 1045 'Aueiae
884 1004 936 1058 ἐηη·
961 1000 1085 1057 botryonem

100 1065 170 1118 odrae
185 1087 213 1119 ως
229 1069 316 1127 λέγεις

155 1139 212 1183 ΧΠ.
227 1134 481 1197 Καγαᾶπεκριναμην
505 1138 605 1197 παριημι
627 1155 671 1184 ναν
690 1142 717 1182 ἐπ
719 1135 832 1197 ἀκριβὲς
848 1136 961 1197 λέγοιντο
980 1159 1003 1185 εκ
1018 1143 1059 1227 «ρης

99 1207 194 1267 uuelpco
207 1207 262 1266 ὕλης
278 1205 342 1255 κατ’ὅ
357 1210 475 1270 ἐπιτυχίαν
490 1226 587 1266 κραοεας
601 1203 736 1266 οἷποκνηθέν
752 1213 858 1292 ε’μαγνχον
869 1207 922 1264 οἷον,
938 1202 968 1256 od
977 1212 1058 1271 ῥαγέν-

98 1295 135 1328 νος
149 1279 205 1326 κακά
218 1298 287 1349 τινας
304 1277 458 1338 οἷρρεκόθηλνς
473 1281 577 1336 ἐξέθορεν
595 1277 680 1334 Φανής
709 1280 746 1324 καλ
760 1296 821 1324 πανν
844 1282 916 1324 ἐκεῖνα
935 1281 1070 1337 ἐπιτέμνο-

97 1365 153 1405 μαι,
167 1350 246 1410 μέχρις
260 1351 290 1395 οὑ
303 1367 328 1395 κο
343 1351 412 1409 ραγὲν
426 1347 494 1399 κε’κος
510 1347 552 1406 νην
567 1366 683 1429 αρμονιαγ
689 1350 795 1446 fierden,
814 1345 997 1406 νπολειφθεὶοης
1013 1364 1082 1398 civ-15

97 1433 137 1461 κου
153 1418 281 1476 μνελώιλενς
296 1417 362 1477 νλης·
383 1421 420 1465 καλ
435 1417 476 1464 edo
491 1414 559 1476 λόγον
578 1420 624 1464 τών
638 1414 700 1462 en'4
722 1413 793 1476 evene
813 1418 908 1464 ἔνδοθεν
927 1436 990 1476 γενογ
992 1420 1057 1464 ιε’κων

97 1489 280 1545 ἐπικεφαλαιών5
294 1486 353 1546 prad
369 1492 414 1535 κών
429 1486 564 1535 ἀκολούθων
579 1488 693 1549 ἐπικρέχα.
728 1486 843 1547 ἐγεννήθη
858 1484 913 1547 γὀλρ,
937 1484 966 1538 οἷς
981 1489 1057 1546 λὲγεις,

96 1562 118 1603 ἐκ
127 1554 219 1615 Κρόνον
228 1560 265 1605 καλ
279 1557 362 1613 Ῥέας,
376 1557 421 1606 ὑπό
432 1578 456 1605 νε
471 1557 554 1620 χρόνον
568 1560 605 1604 καὶ
620 1557 685 1616 ὕλης,
700 1555 728 1604 κα
743 1561 788 1615 μὲν
803 1558 880 1614 πρῶνα
892 1555 1011 1612 Πλούτων,
1026 1557 1056 1610 οἷς

95 1627 109 1685 η’
118 1626 128 1655 ⁶
143 1628 201 1674 κολκοι
216 1629 396 1691 παραχωρήααοα
413 1627 570 1689 ὑποστάθμη·
591 1627 682 1691 δεύτερα
698 1630 722 1675 dd
737 1628 854 1675 Ποσειδῶν
869 1625 981 1686 palamst
996 1631 1056 1676 ἐστὶν

95 1769 140 1812 dem
156 1770 250 1813 dicuntur
265 1756 344 1813 fructus
360 1772 443 1814 maturi:
464 1772 602 1826 apparitiones
618 1768 686 1814 autem
702 1770 728 1813 ad
744 1771 817 1814 stultos
833 1774 936 1812 vocantur
950 1767 1079 1825 quorum-cc

95 1836 140 1881 dam
154 1845 269 1894 temporum
285 1842 409 1885 sterilitates.

150 1911 182 1952 Xl.
213 1911 270 1960 Quae
285 1924 331 1953 eum
347 1910 427 1966 Appion
439 1911 551 1967 allegorice
566 1916 687 1967 exponeret,
712 1923 753 1965 ego
769 1909 920 1964 cogitabundus
935 1911 991 1954 visus
1007 1925 1052 1954 sum

94 1981 146 2023 dicta
161 1981 186 2023 ab
202 1994 227 2023 eo
244 1994 285 2024 non
300 1982 390 2036 assequi.
421 1981 523 2030 Quocirca
538 1993 654 2024 sermonem
667 1982 819 2035 interrumpens
834 1980 883 2021 dixit
894 1981 952 2032 mibi:
969 1982 1051 2036 siquae

92 2051 165 2106 loquor
180 2063 221 2100 nou
236 2052 368 2106 assequeris,
384 2064 421 2093 cur
438 2057 458 2094 et
473 2052 555 2094 omnino
573 2051 671 2094 dissero?
699 2050 804 2105 Respondi
820 2063 871 2106 ego:
894 2048 936 2093 noli
951 2043 1051 2107 suspicari

91 2136 124 2165 me
139 2135 182 2165 non
197 2123 304 2177 percipere
320 2135 404 2166 sensum
419 2123 531 2165 verborum
548 2128 637 2165 tuorum.
670 2122 732 2164 Plane
748 2121 801 2163 enim
817 2134 842 2163 ea
857 2122 960 2177 intelligo,
980 2128 1002 2164 ut
1017 2124 1075 2177 quiae

91 2205 133 2235 uon
149 2206 203 2236 nunc
217 2195 303 2248 primum
319 2194 426 2236 audierim.
457 2193 502 2242 Quo
519 2198 587 2235 autem
603 2205 731 2248 cognoscas,
753 2203 808 2246 quae
823 2191 905 2245 profers
929 2205 989 2234 ame
1009 2206 1050 2234 non

91 2264 191 2321 ignorari,
215 2278 268 2320 quae
284 2266 366 2321 quidem
387 2265 465 2315 dixisti,
486 2265 507 2305 in
529 2264 672 2318 compendium
687 2263 790 2318 redigam,
814 2275 868 2317 quae
888 2276 939 2305 vero
960 2265 1050 2320 omisisti,

92 2347 162 2377 eorum
178 2336 260 2393 ordine,
275 2342 298 2379 ut
313 2336 338 2378 ab
355 2336 398 2378 aliis
414 2336 494 2391 accepi,
510 2335 609 2390 supplebo
626 2335 742 2390 allegorias.
772 2334 798 2376 Et
813 2333 906 2388 Appion:
921 2334 962 2389 fae,
978 2335 1049 2391 inquit,

90 2406 116 2448 ila
131 2412 154 2448 ut
169 2407 224 2451 dicis.
286 2428 289 2434 ⁴

102 2508 117 2512 „
145 2477 187 2520 Xll.
217 2477 243 2520 Et
258 2489 298 2531 ego
315 2476 404 2532 subJeci:
425 2481 535 2531 praetereo
555 2489 609 2518 nunc
631 2483 728 2520 accurate
746 2476 827 2519 referre
848 2488 910 2518 evum
933 2476 1073 2533 animatum,au

90 2559 116 2587 ex
130 2547 206 2590 infinita
221 2548 305 2589 materia
320 2560 358 2601 per
374 2547 467 2603 adeptam
483 2549 651 2602 temperationem
666 2548 810 2602 progenitum,
827 2559 867 2601 quo
884 2546 975 2600 disrupto
989 2548 1047 2602 Juxta

89 2620 198 2662 nonnullos
214 2618 287 2661 exsiliit
302 2607 381 2662 Phanes
396 2617 585 2662 masculo-femina.
615 2619 640 2660 Et
654 2623 727 2660 cuncta
743 2617 776 2658 illa
791 2616 901 2671 praecido,
917 2628 983 2671 usque
1000 2617 1046 2658 dum

87 2695 145 2744 rupta
160 2689 225 2731 moles
241 2688 394 2730 cohaerentiam
412 2690 500 2744 accepit,
516 2694 637 2731 remanente
649 2688 702 2730 illius
714 2687 828 2729 medullosa
844 2687 935 2729 materia.
963 2687 1046 2729 Etser-

87 2772 168 2804 monem
183 2760 209 2802 de
223 2759 247 2802 iis
263 2771 316 2813 quae
331 2760 386 2802 intus
407 2760 431 2801 ab
453 2756 554 2801 ea‘lacta
577 2765 624 2802 sunt
646 2759 781 2812 abbrevians,
804 2770 850 2799 cum
870 2757 1044 2812 consequentibus

87 2843 193 2884 percurro.
224 2829 287 2871 Natus
303 2830 356 2871 euim
372 2835 415 2886 est,
431 2836 453 2872 ut
469 2830 529 2885 dieis,
546 2843 573 2871 ex
588 2830 676 2874 Saturno
691 2835 711 2871 et
724 2829 793 2884 Rhea,
813 2829 834 2870 id
851 2833 891 2885 est,
908 2842 935 2871 ex
950 2834 1067 2882 temporem

87 2907 107 2942 et
120 2902 216 2958 materia,
232 2901 297 2956 primo
314 2899 397 2954 quidem
411 2901 482 2955 Pluto,
498 2900 554 2942 velut
568 2900 617 2942 faex
633 2912 686 2954 quae
700 2899 754 2941 inlra
770 2899 868 2942 secessit:
893 2899 984 2942 seeundo
1005 2913 1043 2941 au-

86 2975 125 3017 tem
140 2972 247 3040 Neptunus
262 2969 342 3013 dimidia
352 2961 390 3013 'est
405 2971 486 3014 humida
501 2969 736 3026 substantia,inle1·icri
752 2976 838 3024 naturae
853 2970 1043 3032 ponderosissimae

116 3055 134 3091 1
164 3048 250 3106 ἁρρενας
268 3048 331 3117 μίξεις
350 3051 437 3099 palmaria
457 3057 485 3091 est
504 3064 550 3091 con·
604 3055 623 3090 l
652 3051 697 3100 Leg.
713 3037 783 3091 iort'
773 3042 811 3090 ἐπ’.
827 3053 847 3090 S.

16 3133 17 3138 =
82 3111 128 3158 Jeet.
145 3112 171 3152 Ci
605 3113 622 3149 5.
653 3105 686 3150 ἐπι
702 3107 854 3162 nepotalem,

115 3164 253 3210 amabo.
605 3165 794 3218 6.r‘p...addc0

116 3232 134 3267 3.
164 3243 216 3269 καοα
232 3229 254 3267 0.
286 3246 289 3251 ·
322 3261 324 3265 ⁴
604 3232 622 3266 7.
651 3229 756 3270 ,Ποσειδῶν
770 3224 848 3279 ι’γμιοεια
866 3224 933 3274 scripsi
954 3237 977 3264 ex
993 3237 1040 3264 ccu-

787 3299 835 3344 ur
