2276 3612
526 199 552 242 91
890 198 919 248 ru,
935 201 968 238 as.
986 201 1020 237 ao.

56 310 129 370 μηιλέν
145 310 234 359 τούτων
248 314 351 372 γένηται,
372 315 408 359 καί
424 310 495 364 οὕτως
514 311 539 359 τέ
555 316 630 372 κτῆμα
646 317 754 374 λέγεσθαι
771 312 844 361 καλῶς
857 313 1019 358 ἐπιτέτευκται.

57 376 128 428 ου’τὸν
142 376 185 439 peip
200 386 289 442 πρῶτον
305 382 430 441 ἐκτήσατο,
444 380 500 441 ὅπερ
518 378 596 443 αὐτῇ1
616 386 652 431 καί
669 386 839 446 ἐχρησίμευσεν·
875 381 957 438 abacto
976 381 1019 441 γυίρ

57 445 87 507 οἷν
103 450 140 495 καί
157 453 257 513 ψεύστης
271 457 308 501 καί
324 452 382 513 μοτοί
399 449 516 509 αμαρτιῶν
536 452 654 515 ἡσυχάζειν
671 456 729 514 μηιλέ
745 456 782 501 ἐπί
797 455 828 514 τῷ
844 450 922 512 έίρχειν
937 455 1019 501 θέλων.

56 518 152 579 ἔτι-μην
167 525 203 570 καί
218 529 240 572 οἱ
255 523 301 579 ἀπὸ
315 525 356 582 τῆς
371 523 454 569 τούτου
470 523 577 585 διαδοχῆς
592 524 770 584 προεληλυθότες
786 527 872 585 πρῶτοι
880 525 957 585 μοιχοί
971 526 1020 584 ἐγέ-

57 608 135 638 νοντο·
151 595 187 640 καί
202 596 316 654 ψαλτήρια
332 595 369 640 καί
384 591 483 652 κιθοίρας
497 591 651 651 papicum&
671 596 707 640 καί
725 599 811 656 χαλκεῖς
827 594 905 642 ὅπλων
922 596 1036 653 asclepii-5

56 732 169 789 γέμουσα,
184 735 348 784 λανθανέντως
363 733 399 780 διαί
415 734 460 779 τῶν
474 731 624 791 ἦιλυπαθειών
639 730 667 783 τίς
682 732 735 785 τοτίς
748 736 863 794 πολέμους
878 736 965 794 ἐγείρει.

114 806 182 850 XXVI.
212 806 243 853 ‘O
261 806 284 851 dd
304 810 328 851 ἐν
348 810 405 856 υἱοῖς
424 801 555 863 ανθρώπων
577 804 719 862 προφητείαν
740 808 844 861 ἔμφυτον
862 808 937 867 ψυχης
957 804 1020 851 idlae

57 876 123 933 έχων,
140 878 209 936 ’ῥητῶς
224 874 253 928 τίς
267 876 357 936 ι’ίρσηνὸ
376 877 417 923 cori
432 878 557 932 μέλλοντος
579 875 662 927 αἰῶνος
681 872 721 924 acic
739 876 831 927 ἐλπίδας
846 877 955 935 μηνύων,
978 875 1020 923 τὸν

58 941 132 1000 καίτοι]
146 945 197 994 υἱὸν
213 950 391 1007 προσηγόρευσεν
405 944 488 1005 Ἀβέλ,
504 944 516 991 ὃ
532 944 587 993 ἄνευ
603 945 678 1002 πάσης
693 943 834 1002 ἀμφιβολίας
845 949 934 1000 πένθος
947 953 1046 1005 ἑρμη-λυ

57 1010 155 1063 νειίεται.
184 1026 278 1066 πενθεῖν
292 1018 336 1077 γοίρ
351 1030 397 1070 τοῖς
413 1014 487 1066 αὐτοῦ
502 1022 557 1068 υἱοῖς
572 1018 662 1080 παρέχει
683 1015 738 1068 τοιίς
753 1019 940 1075 ἐξαπατωμένους
955 1012 1018 1064 idet-

58 1082 113 1144 pabo
137 1086 219 1136 αὐτῶν.
260 1085 384 1143 ὀίφευστεῑί
405 1088 484 1141 ου’τοῐς
503 1094 528 1136 ἐν
549 1091 579 1149 τη]
598 1089 705 1146 μέλλοντι
728 1088 794 1133 attici
816 1085 859 1146 την
876 1084 1019 1145 παράκλησιν

57 1156 243 1217 ὑπισχνούμενος
251 1160 267 1205 ⁵,
298 1160 354 1208 Θεὸν
368 1170 409 1208 ἕνα
424 1159 500 1219 μόνον
515 1163 586 1207 αἰτεῖν
600 1160 670 1217 λέγει·
692 1154 764 1209 θεσιίς
779 1155 833 1204 odos
849 1154 935 1208 αὐτὸς6
954 1158 1020 1215 λέγει,

58 1226 111 1274 οὔτε
127 1227 186 1286 έίλλφ
201 1232 290 1290 λέγοντι
305 1229 415 1279 πιστεύει.
451 1230 521 1277 καλὸν
545 1230 616 1292 ὃέχει
634 1240 695 1288 τηρεῖ
715 1231 751 1276 καί
772 1230 810 1275 ἐπὶ
830 1229 926 1275 πλείονα
949 1225 1018 1282 αὔξει.

5 1332 6 1335 =
59 1300 154 1354 θυσίας,
168 1306 270 1358 αἵματα,
285 1303 386 1355 abactis
401 1311 473 1360 μισεῖ·
493 1298 599 1360 α’γνοιίς,
614 1295 739 1359 καθαρούς,
757 1296 834 1350 ὁσίους
852 1294 938 1359 οέγαπρί.
973 1301 1019 1356 πιλρ
1026 1304 1045 1338 15

58 1372 142 1430 βωμοίν
158 1371 292 1430 σβέννυσιν,
307 1374 421 1430 πολέμους
436 1381 551 1430 καταργεῑ,
566 1369 675 1430 εἰρηνην7
691 1370 805 1423 brotona,
821 1367 967 1428 σωφροσύνην
982 1374 1019 1415 ἐν·

58 1442 171 1495 τέλλεται,
184 1439 225 1494 τσίς
240 1439 353 1501 οίμαρτίας
367 1442 487 1501 καθαίρει,
506 1441 584 1500 γάμον
604 1441 731 1502 νομιτετίει,
753 1441 886 1499 ἐγκράτειαν
909 1451 1020 1501 συγχωρεῖ,

58 1516 91 1564 εἰς
106 1510 201 1570 οἷγνείαν
217 1513 307 1564 πάντας
322 1511 381 1571 ι’ίγει,
398 1509 560 1569 ἐλεημονικοιίς
575 1521 646 1566 ποιεῖ,
664 1508 813 1568 δικαιοσύνην
828 1508 954 1566 νομιτειίει,
968 1508 1021 1560 τοὺς

59 1667 104 1696 rum
119 1658 155 1712 sit,
177 1657 238 1698 etiam
253 1657 283 1700 sic
298 1662 355 1699 recte
370 1654 510 1710 possessionis
525 1665 601 1696 nomen
616 1653 701 1696 sortitus
716 1657 753 1696 est.
790 1652 841 1695 Nam
864 1664 911 1695 eum
933 1652 1019 1707 primum

58 1726 159 1783 possedit,
174 1727 229 1782 quod
245 1732 266 1770 et
279 1728 317 1782 ipsi
332 1726 461 1769 commodum
476 1725 519 1767 fuit.
549 1724 595 1766 Fuit
610 1730 677 1767 autom
691 1720 793 1774 homicida
810 1730 830 1767 ct
841 1725 931 1767 mendax
943 1729 963 1766 et
973 1731 1046 1765 cumao

58 1798 149 1852 peccatis
165 1798 275 1852 quiescere
289 1810 358 1852 neque
373 1810 385 1838 a
400 1797 514 1850 principatu
529 1795 599 1837 voluit.
630 1794 671 1837 Sed
687 1800 707 1837 et
723 1796 801 1850 quiex
815 1796 868 1838 illius
884 1795 1020 1839 successione

59 1868 167 1922 progressi
181 1872 238 1923 suut,
253 1868 311 1922 primi
326 1867 412 1916 adulteri
428 1866 532 1908 exstitere.
547 1869 548 1872 ’
572 1864 597 1906 Et
612 1865 707 1920 psalteria
718 1865 855 1922 citharasque
870 1866 1019 1921 temperabant,

59 1950 98 1979 nec
112 1950 156 1980 non
170 1937 290 1980 bellicorum
305 1949 397 1981 amorum
414 1948 528 1979 excusores
544 1936 592 1978 iacti
606 1941 659 1978 sunt.
688 1936 768 1980 ldoirco
784 1943 805 1980 et
819 1943 950 1992 posterorum
965 1930 1018 1994 pro-

58 2008 137 2065 phetia,
152 2008 249 2052 adulteris
264 2015 285 2052 et
299 2010 399 2064 psalteriis
413 2008 485 2063 plena,
500 2007 551 2049 clam
566 2018 604 2061 per
619 2007 734 2061 voluptates
750 2007 776 2049 ad
790 2008 844 2051 bella
860 2010 977 2053 concitavit,

118 2079 187 2122 XXVI.
218 2081 256 2130 Qui
271 2094 322 2124 vero
339 2084 393 2125 inter
407 2082 460 2124 filios
475 2081 581 2124 bominum
595 2080 675 2122 insitam
684 2081 813 2136 prophetiam
825 2082 905 2126 animae
915 2084 1045 2137 propriamat

60 2150 176 2206 obtinebat,
200 2164 310 2210 expresse,
333 2159 355 2196 ut
370 2153 486 2207 masculus,
509 2151 572 2193 futuri
592 2151 668 2194 saeculi
683 2163 740 2205 spem
755 2152 860 2209 indicans,
879 2153 941 2196 filium
961 2166 1019 2198 suum

59 2221 141 2263 vocabit
155 2221 217 2278 Abel,
239 2224 294 2278 quod
309 2225 386 2280 absque
403 2224 443 2266 ulla
464 2222 596 2277 ambiguitate
618 2223 705 2265 vertitur
722 2224 793 2265 tactus.
828 2224 882 2267 Filiis
903 2226 956 2267 enim
978 2227 1020 2269 suis

60 2293 129 2335 tribuit
143 2293 194 2335 llere
209 2294 284 2338 fratres
299 2308 348 2340 suos
362 2298 397 2351 qui
411 2296 493 2350 decepti
508 2294 589 2336 fuerint.
617 2292 665 2350 ¹Non
680 2296 786 2350 mentitur,
806 2294 860 2337 dum¹
869 2296 968 2349 promittit
982 2297 1021 2340 illis

60 2364 224 2407 consolationem
239 2366 260 2406 in
275 2365 345 2409 futuro
361 2366 451 2409 saeculo.
483 2364 517 2407 Ait
531 2376 594 2405 unum
610 2363 676 2405 solum
685 2363 751 2407 Deum
765 2365 881 2419 rogandum
892 2379 948 2411 esse:
963 2367 1020 2411 Deos

57 2445 98 2475 nec
113 2435 157 2488 ipsc
173 2434 229 2490 dicit,
251 2442 319 2491 neque
340 2436 398 2479 alteri
413 2436 488 2478 dicenti
504 2435 574 2477 credit.
616 2433 696 2476 Bonum
712 2434 768 2489 quod
784 2434 847 2478 babet
870 2443 950 2492 servat,
973 2445 1045 2480 ιτα-το

59 2503 154 2559 pliusque
169 2511 237 2560 auget.
275 2507 387 2563 Saorifioia,
402 2507 535 2561 sanguinem,
554 2504 662 2547 libationes
678 2503 730 2546 odit:
754 2510 831 2563 castos,
847 2519 922 2564 puros,
938 2516 1019 2552 sanctos

60 2577 130 2632 diligit.
160 2576 276 2631 Exstinguit
292 2590 373 2620 ararum
387 2579 468 2632 ignem,
483 2576 537 2619 bella
552 2575 629 2630 abolet,
645 2574 706 2616 docet
721 2588 804 2633 pacem,
826 2578 940 2622 castitatem
955 2592 1018 2634 prac-

60 2648 116 2703 oipit,
131 2653 217 2709 peccata
231 2648 311 2704 expiat,
327 2645 406 2703 nuptias
422 2648 498 2702 sancit,
519 2646 663 2690 continentiam
679 2648 785 2703 concedit,
810 2661 882 2692 omnes
899 2650 924 2691 ad
938 2650 1018 2704 pudici-

60 2721 107 2762 tiam
124 2718 215 2774 adducit,
232 2720 375 2763 misericordes
390 2720 449 2774 facit,
465 2719 565 2774 justitiam
580 2717 681 2773 decernit,
703 2731 819 2774 eorumque
839 2719 944 2774 periectos
964 2733 1018 2763 con-

90 2850 108 2886 t.
138 2848 164 2885 lta
181 2846 195 2884 0
211 2858 227 2884 c,
242 2847 265 2895 D,
283 2843 332 2899 αίτίγ
346 2848 365 2885 G.
551 2846 578 2883 Eo
594 2849 665 2893 spectat
680 2844 700 2882 ot
716 2848 822 2895 eouJ'cctura
839 2842 927 2900 σίφευδῇ,
944 2851 1017 2897 quamS

90 2911 109 2945 2.
141 2900 174 2945 aui
186 2900 271 2958 κιθυίραι
282 2906 301 2954 C,
318 2906 347 2954 qui
355 2900 421 2955 'postea
429 2916 466 2956 scr.
474 2900 497 2943 δι’
509 2899 526 2943 t.
551 2915 614 2954 parum
628 2902 723 2942 intellexit,
849 2948 850 2951 Ἴ

90 2968 108 3004 3.
139 2960 197 3017 ἄρσιν
213 2964 234 3002 0.
581 2965 599 3000 5.
628 2962 654 3000 Ita
670 2964 717 3011 conj.
734 2965 757 3011 G,
780 2965 828 3002 idem
849 2965 866 3002 in
887 2969 937 3004 textu
957 2972 977 3005 ut
992 2969 1017 3007 0:

90 3027 110 3062 4.
140 3020 247 3074 ἀψαυστεῖν
258 3020 278 3058 0.
303 3021 341 3065 Qtra
356 3021 436 3060 lectione
451 3027 526 3071 recepta
550 3017 721 3073 ὑπισχνουμένους.
752 3024 843 3071 Deinceps
858 3020 934 3074 λέγειν,
955 3024 1018 3073 θεοὺς

61 3083 178 3121 scribendum
190 3080 320 3122 essouidetur:
335 3083 415 3121 πενθεῖν
430 3077 468 3133 γὰρ
484 3083 525 3124 τοῖς
551 3080 573 3126 Ο,
589 3077 660 3131 λέγων,
676 3078 738 3126 θεοὺς
752 3084 771 3122 S.
788 3094 803 3119 c.
819 3083 840 3119 D.

61 3138 123 3181 αὐτοῦ
137 3138 188 3186 υἱοῖς
203 3137 283 3194 παρέχει
297 3134 344 3183 τοὺς
360 3135 525 3191 ἐξαπατωμένους
580 3142 597 3177 6.
628 3135 702 3185 αὐτοὺς
718 3141 739 3179 0.

62 3196 164 3253 ἀδελφοὺς
180 3196 256 3246 αὐτῶν,
272 3193 379 3251 aquatario
395 3194 464 3243 αὐτοῖς
480 3198 522 3237 κτλ.
579 3199 597 3235 7.
628 3195 704 3253 εἰρήνην
718 3200 735 3239 iu
752 3199 766 3236 0
782 3198 854 3239 additur
870 3202 892 3239 ad
909 3215 966 3247 oram.
