<?xml version="1.0" encoding="UTF-8"?>
<!DOCTYPE html PUBLIC "-//W3C//DTD XHTML 1.0 Transitional//EN"
    "http://www.w3.org/TR/xhtml1/DTD/xhtml1-transitional.dtd">
<html xmlns="http://www.w3.org/1999/xhtml" xml:lang="en" lang="en">
 <head>
  <title>
</title>
<meta http-equiv="Content-Type" content="text/html;charset=utf-8" />
  <meta name='ocr-system' content='tesseract 3.04.00' />
  <meta name='ocr-capabilities' content='ocr_page ocr_carea ocr_par ocr_line ocrx_word'/>
</head>
<body>
  <div class='ocr_page' id='page_1' title='image "MN41653ucmf_3_0095.png"; bbox 0 0 2276 3612; ppageno 0'>
   <div class='ocr_carea' id='block_1_1' title="bbox 546 205 1045 260">
    <p class='ocr_par' dir='ltr' id='par_1_1' title="bbox 546 205 1045 260">
     <span class='ocr_line' id='line_1_1' title="bbox 546 205 1045 260; baseline -0.008 -9"><span class='ocrx_word' id='word_1_1' title='bbox 546 205 572 251; x_wconf 85' lang='lat' dir='ltr'><strong>tt</strong></span> <span class='ocrx_word' id='word_1_2' title='bbox 914 210 935 260; x_wconf 89' lang='lat' dir='ltr'><strong>u,</strong></span> <span class='ocrx_word' id='word_1_3' title='bbox 950 210 1045 250; x_wconf 75' lang='grc' dir='ltr'><em>εο-εα,</em></span> 
     </span>
    </p>
   </div>
   <div class='ocr_carea' id='block_1_2' title="bbox 2 319 1065 1017">
    <p class='ocr_par' dir='ltr' id='par_1_2' title="bbox 2 319 1057 808">
     <span class='ocr_line' id='line_1_2' title="bbox 78 319 1043 386; baseline -0.003 -15"><span class='ocrx_word' id='word_1_4' title='bbox 78 326 154 379; x_wconf 75' lang='grc' dir='ltr'><em>νότος,</em></span> <span class='ocrx_word' id='word_1_5' title='bbox 167 325 317 384; x_wconf 70' lang='grc' dir='ltr'><em>διακριθῆναι</em></span> <span class='ocrx_word' id='word_1_6' title='bbox 328 322 369 372; x_wconf 78' lang='lat' dir='ltr'><strong>oda</strong></span> <span class='ocrx_word' id='word_1_7' title='bbox 383 319 489 383; x_wconf 70' lang='grc' dir='ltr'><em>ὀφείλεις·</em></span> <span class='ocrx_word' id='word_1_8' title='bbox 512 321 569 371; x_wconf 89' lang='grc' dir='ltr'><em>άλλά</em></span> <span class='ocrx_word' id='word_1_9' title='bbox 588 328 624 374; x_wconf 83' lang='grc' dir='ltr'><em>ναί</em></span> <span class='ocrx_word' id='word_1_10' title='bbox 647 322 779 386; x_wconf 70' lang='grc' dir='ltr'><strong><em>θαυμάσεις</em></strong></span> <span class='ocrx_word' id='word_1_11' title='bbox 799 322 839 371; x_wconf 77' lang='grc' dir='ltr'><strong>ἐπὶ</strong></span> <span class='ocrx_word' id='word_1_12' title='bbox 863 323 904 380; x_wconf 76' lang='grc' dir='ltr'><strong>τῆς</strong></span> <span class='ocrx_word' id='word_1_13' title='bbox 926 319 1043 380; x_wconf 77' lang='grc' dir='ltr'><em>ζητήσεως,</em></span> 
     </span>
     <span class='ocr_line' id='line_1_3' title="bbox 7 390 1043 456; baseline -0.007 -13"><span class='ocrx_word' id='word_1_14' title='bbox 7 440 8 443; x_wconf 73' lang='grc'>,</span> <span class='ocrx_word' id='word_1_15' title='bbox 78 397 125 446; x_wconf 78' lang='grc' dir='ltr'><strong>πῶς</strong></span> <span class='ocrx_word' id='word_1_16' title='bbox 140 399 161 440; x_wconf 88' lang='grc' dir='ltr'><strong>οἱ</strong></span> <span class='ocrx_word' id='word_1_17' title='bbox 177 390 273 453; x_wconf 77' lang='grc' dir='ltr'><em>άσεβεῖς,</em></span> <span class='ocrx_word' id='word_1_18' title='bbox 289 396 317 443; x_wconf 90' lang='grc' dir='ltr'><strong>τά</strong></span> <span class='ocrx_word' id='word_1_19' title='bbox 334 391 416 454; x_wconf 77' lang='grc' dir='ltr'><em>πλάθφ</em></span> <span class='ocrx_word' id='word_1_20' title='bbox 431 394 476 437; x_wconf 79' lang='grc' dir='ltr'><em>των</em></span> <span class='ocrx_word' id='word_1_21' title='bbox 491 391 548 453; x_wconf 70' lang='grc' dir='ltr'><em>ὑπὲρ</em></span> <span class='ocrx_word' id='word_1_22' title='bbox 565 397 625 442; x_wconf 77' lang='grc' dir='ltr'><em>Θεοῦ</em></span> <span class='ocrx_word' id='word_1_23' title='bbox 640 397 765 456; x_wconf 73' lang='grc' dir='ltr'><em>εἰρημένων</em></span> <span class='ocrx_word' id='word_1_24' title='bbox 780 398 805 441; x_wconf 82' lang='grc' dir='ltr'><em>ἒν</em></span> <span class='ocrx_word' id='word_1_25' title='bbox 821 402 872 444; x_wconf 82' lang='grc' dir='ltr'><em>ταῖς</em></span> <span class='ocrx_word' id='word_1_26' title='bbox 886 402 983 452; x_wconf 75' lang='grc' dir='ltr'><em>γραφαῖς</em></span> <span class='ocrx_word' id='word_1_27' title='bbox 999 410 1043 437; x_wconf 85' lang='grc' dir='ltr'><strong>πα-</strong></span> 
     </span>
     <span class='ocr_line' id='line_1_4' title="bbox 2 463 1043 529; baseline -0.004 -17"><span class='ocrx_word' id='word_1_28' title='bbox 2 523 4 526; x_wconf 16' lang='grc'>,</span> <span class='ocrx_word' id='word_1_29' title='bbox 80 463 242 527; x_wconf 63' lang='grc' dir='ltr'><em>ραλιπάντεςί,</em></span> <span class='ocrx_word' id='word_1_30' title='bbox 257 465 285 512; x_wconf 90' lang='grc' dir='ltr'><strong>τά</strong></span> <span class='ocrx_word' id='word_1_31' title='bbox 301 465 349 512; x_wconf 82' lang='grc' dir='ltr'><em>κατ’</em></span> <span class='ocrx_word' id='word_1_32' title='bbox 365 463 438 509; x_wconf 76' lang='grc' dir='ltr'><em>αὐτοῦ</em></span> <span class='ocrx_word' id='word_1_33' title='bbox 454 465 560 520; x_wconf 79' lang='grc' dir='ltr'><em>εἰρημένα</em></span> <span class='ocrx_word' id='word_1_34' title='bbox 577 465 770 525; x_wconf 79' lang='grc' dir='ltr'><em>περιβλεπάμενοι</em></span> <span class='ocrx_word' id='word_1_35' title='bbox 790 466 908 529; x_wconf 84' lang='grc' dir='ltr'><em>χαίροντες</em></span> <span class='ocrx_word' id='word_1_36' title='bbox 924 464 1043 522; x_wconf 79' lang='grc' dir='ltr'><em>φέρουσιν·</em></span> 
     </span>
     <span class='ocr_line' id='line_1_5' title="bbox 2 530 1043 595; baseline -0.004 -14"><span class='ocrx_word' id='word_1_37' title='bbox 2 550 6 581; x_wconf 68' lang='grc' dir='ltr'>ζ</span> <span class='ocrx_word' id='word_1_38' title='bbox 76 538 111 585; x_wconf 84' lang='grc' dir='ltr'><em>ναί</em></span> <span class='ocrx_word' id='word_1_39' title='bbox 127 535 198 588; x_wconf 79' lang='grc' dir='ltr'><em>οὕτως</em></span> <span class='ocrx_word' id='word_1_40' title='bbox 213 543 233 584; x_wconf 88' lang='grc' dir='ltr'><strong>οἱ</strong></span> <span class='ocrx_word' id='word_1_41' title='bbox 248 533 356 595; x_wconf 82' lang='grc' dir='ltr'><em>άαροαταί</em></span> <span class='ocrx_word' id='word_1_42' title='bbox 371 530 465 591; x_wconf 90' lang='grc' dir='ltr'><em>άγνοίας</em></span> <span class='ocrx_word' id='word_1_43' title='bbox 481 533 553 593; x_wconf 82' lang='grc' dir='ltr'><em>αἰτίᾳ,</em></span> <span class='ocrx_word' id='word_1_44' title='bbox 567 534 596 581; x_wconf 88' lang='grc' dir='ltr'><strong>τά</strong></span> <span class='ocrx_word' id='word_1_45' title='bbox 612 536 667 582; x_wconf 80' lang='grc' dir='ltr'><em>μανά</em></span> <span class='ocrx_word' id='word_1_46' title='bbox 684 539 724 582; x_wconf 73' lang='grc' dir='ltr'><em>τοι]</em></span> <span class='ocrx_word' id='word_1_47' title='bbox 738 538 799 583; x_wconf 83' lang='grc' dir='ltr'><em>Θεοά</em></span> <span class='ocrx_word' id='word_1_48' title='bbox 809 533 986 586; x_wconf 75' lang='grc' dir='ltr'><em>πιστεύσαντες,</em></span> <span class='ocrx_word' id='word_1_49' title='bbox 1002 536 1043 589; x_wconf 75' lang='grc' dir='ltr'><strong>τῆς</strong></span> 
     </span>
     <span class='ocr_line' id='line_1_6' title="bbox 2 601 1057 668; baseline -0.004 -14"><span class='ocrx_word' id='word_1_50' title='bbox 2 666 4 668; x_wconf 66' lang='lat'>‚</span> <span class='ocrx_word' id='word_1_51' title='bbox 76 605 150 655; x_wconf 82' lang='grc' dir='ltr'><em>αάτοά</em></span> <span class='ocrx_word' id='word_1_52' title='bbox 165 609 282 665; x_wconf 77' lang='grc' dir='ltr'><em>βασιλείας</em></span> <span class='ocrx_word' id='word_1_53' title='bbox 298 602 446 663; x_wconf 76' lang='grc' dir='ltr'><strong>άπάβλνγτοι2</strong></span> <span class='ocrx_word' id='word_1_54' title='bbox 461 602 573 661; x_wconf 89' lang='grc' dir='ltr'><em>γίνονται.</em></span> <span class='ocrx_word' id='word_1_55' title='bbox 608 604 640 651; x_wconf 79' lang='lat' dir='ltr'><strong>bd</strong></span> <span class='ocrx_word' id='word_1_56' title='bbox 665 602 691 653; x_wconf 80' lang='grc' dir='ltr'><strong>σά</strong></span> <span class='ocrx_word' id='word_1_57' title='bbox 714 606 827 664; x_wconf 75' lang='grc' dir='ltr'><em>προφάσει</em></span> <span class='ocrx_word' id='word_1_58' title='bbox 848 603 996 662; x_wconf 57' lang='lat' dir='ltr'><strong>duoprimas</strong></span> <span class='ocrx_word' id='word_1_59' title='bbox 1014 601 1057 650; x_wconf 83' lang='grc' dir='ltr'><strong>τάο</strong></span> 
     </span>
     <span class='ocr_line' id='line_1_7' title="bbox 2 669 1042 737; baseline -0.002 -16"><span class='ocrx_word' id='word_1_60' title='bbox 2 673 7 699; x_wconf 60' lang='lat'><em>³</em></span> <span class='ocrx_word' id='word_1_61' title='bbox 74 677 201 737; x_wconf 82' lang='grc' dir='ltr'><em>μυστήριον</em></span> <span class='ocrx_word' id='word_1_62' title='bbox 217 679 260 721; x_wconf 79' lang='grc' dir='ltr'><em>τῶν</em></span> <span class='ocrx_word' id='word_1_63' title='bbox 277 676 369 734; x_wconf 76' lang='grc' dir='ltr'><em>γραφῶν</em></span> <span class='ocrx_word' id='word_1_64' title='bbox 383 669 481 732; x_wconf 77' lang='grc' dir='ltr'><em>μαθοίν,</em></span> <span class='ocrx_word' id='word_1_65' title='bbox 497 673 606 731; x_wconf 61' lang='lat' dir='ltr'><strong>cepticos</strong></span> <span class='ocrx_word' id='word_1_66' title='bbox 621 679 652 726; x_wconf 83' lang='grc' dir='ltr'><strong>εἰς</strong></span> <span class='ocrx_word' id='word_1_67' title='bbox 669 672 729 722; x_wconf 86' lang='grc' dir='ltr'><em>Θεάν</em></span> <span class='ocrx_word' id='word_1_68' title='bbox 743 673 776 734; x_wconf 73' lang='grc' dir='ltr'><strong>μή</strong></span> <span class='ocrx_word' id='word_1_69' title='bbox 792 670 952 736; x_wconf 81' lang='grc' dir='ltr'><em>άμαρτάνειν,</em></span> <span class='ocrx_word' id='word_1_70' title='bbox 978 672 1042 719; x_wconf 87' lang='grc' dir='ltr'><em>άπα-</em></span> 
     </span>
     <span class='ocr_line' id='line_1_8' title="bbox 76 743 301 808; baseline 0.004 -16"><span class='ocrx_word' id='word_1_71' title='bbox 76 745 192 807; x_wconf 64' lang='lat' dir='ltr'><strong>papiriano</strong></span> <span class='ocrx_word' id='word_1_72' title='bbox 206 743 301 808; x_wconf 71' lang='grc' dir='ltr'><em>χαράογγ</em></span> 
     </span>
    </p>

    <p class='ocr_par' dir='ltr' id='par_1_3' title="bbox 72 809 1065 1017">
     <span class='ocr_line' id='line_1_9' title="bbox 129 809 1040 875; baseline 0.002 -15"><span class='ocrx_word' id='word_1_73' title='bbox 129 817 178 861; x_wconf 85' lang='lat' dir='ltr'><strong>Xtt.</strong></span> <span class='ocrx_word' id='word_1_74' title='bbox 208 813 277 873; x_wconf 83' lang='grc' dir='ltr'><em>Κάγοί</em></span> <span class='ocrx_word' id='word_1_75' title='bbox 292 810 391 872; x_wconf 71' lang='grc' dir='ltr'><em>Κλήμης</em></span> <span class='ocrx_word' id='word_1_76' title='bbox 406 809 507 865; x_wconf 85' lang='grc' dir='ltr'><em>άαοάσας</em></span> <span class='ocrx_word' id='word_1_77' title='bbox 520 817 588 872; x_wconf 82' lang='grc' dir='ltr'><em>έφνγν·</em></span> <span class='ocrx_word' id='word_1_78' title='bbox 606 814 697 872; x_wconf 79' lang='grc' dir='ltr'><em>άλνγθάς</em></span> <span class='ocrx_word' id='word_1_79' title='bbox 711 815 779 874; x_wconf 84' lang='grc' dir='ltr'><em>χαίρω</em></span> <span class='ocrx_word' id='word_1_80' title='bbox 794 815 830 860; x_wconf 82' lang='grc' dir='ltr'><em>ναί</em></span> <span class='ocrx_word' id='word_1_81' title='bbox 847 815 912 875; x_wconf 84' lang='grc' dir='ltr'><em>χάριν</em></span> <span class='ocrx_word' id='word_1_82' title='bbox 934 812 1040 875; x_wconf 68' lang='grc' dir='ltr'><em>ὁμολογοῖ</em></span> 
     </span>
     <span class='ocr_line' id='line_1_10' title="bbox 72 881 1038 946; baseline 0 -15"><span class='ocrx_word' id='word_1_83' title='bbox 72 884 174 946; x_wconf 71' lang='grc' dir='ltr'><em>πάντατά</em></span> <span class='ocrx_word' id='word_1_84' title='bbox 192 884 270 932; x_wconf 86' lang='grc' dir='ltr'><em>πάντα</em></span> <span class='ocrx_word' id='word_1_85' title='bbox 285 881 393 944; x_wconf 73' lang='grc' dir='ltr'><strong>εὐεργέτῃ</strong></span> <span class='ocrx_word' id='word_1_86' title='bbox 409 886 467 943; x_wconf 73' lang='grc' dir='ltr'><em>Θεῷ·</em></span> <span class='ocrx_word' id='word_1_87' title='bbox 489 882 552 942; x_wconf 76' lang='grc' dir='ltr'><em>πλάν</em></span> <span class='ocrx_word' id='word_1_88' title='bbox 567 882 637 936; x_wconf 86' lang='grc' dir='ltr'><em>ανίὁς</em></span> <span class='ocrx_word' id='word_1_89' title='bbox 653 885 713 930; x_wconf 82' lang='grc' dir='ltr'><em>οἶιλεν</em></span> <span class='ocrx_word' id='word_1_90' title='bbox 729 882 763 928; x_wconf 77' lang='grc' dir='ltr'><strong>ὅτι</strong></span> <span class='ocrx_word' id='word_1_91' title='bbox 780 881 834 930; x_wconf 79' lang='lat' dir='ltr'><strong>dito</strong></span> <span class='ocrx_word' id='word_1_92' title='bbox 858 903 879 931; x_wconf 92' lang='grc' dir='ltr'><strong>τι</strong></span> <span class='ocrx_word' id='word_1_93' title='bbox 894 898 985 944; x_wconf 81' lang='grc' dir='ltr'><em>φρονεῖν</em></span> <span class='ocrx_word' id='word_1_94' title='bbox 1009 883 1038 934; x_wconf 78' lang='grc' dir='ltr'><strong>ου’</strong></span> 
     </span>
     <span class='ocr_line' id='line_1_11' title="bbox 73 947 1065 1017; baseline -0.001 -14"><span class='ocrx_word' id='word_1_95' title='bbox 73 955 213 1014; x_wconf 73' lang='grc' dir='ltr'><em>ιίννήσομαι,</em></span> <span class='ocrx_word' id='word_1_96' title='bbox 227 952 260 1013; x_wconf 59' lang='grc' dir='ltr'><strong>άό</strong></span> <span class='ocrx_word' id='word_1_97' title='bbox 275 950 303 999; x_wconf 83' lang='grc' dir='ltr'><strong>τά</strong></span> <span class='ocrx_word' id='word_1_98' title='bbox 320 951 398 999; x_wconf 83' lang='grc' dir='ltr'><em>πάντα</em></span> <span class='ocrx_word' id='word_1_99' title='bbox 413 950 473 1013; x_wconf 78' lang='grc' dir='ltr'><em>άπέρ</em></span> <span class='ocrx_word' id='word_1_100' title='bbox 491 947 557 1001; x_wconf 79' lang='grc' dir='ltr'><em>Θεοά</em></span> <span class='ocrx_word' id='word_1_101' title='bbox 567 965 666 1013; x_wconf 79' lang='grc' dir='ltr'><em>φρονεῖν.</em></span> <span class='ocrx_word' id='word_1_102' title='bbox 702 950 760 998; x_wconf 75' lang='grc' dir='ltr'><em>ὅθεν</em></span> <span class='ocrx_word' id='word_1_103' title='bbox 780 954 812 1010; x_wconf 77' lang='grc' dir='ltr'><strong>μά</strong></span> <span class='ocrx_word' id='word_1_104' title='bbox 827 972 857 1009; x_wconf 86' lang='grc' dir='ltr'><strong>με</strong></span> <span class='ocrx_word' id='word_1_105' title='bbox 872 954 995 1017; x_wconf 70' lang='grc' dir='ltr'><em>ὑπολάβῃς</em></span> <span class='ocrx_word' id='word_1_106' title='bbox 1009 955 1038 1008; x_wconf 77' lang='grc' dir='ltr'><strong>ολς</strong></span> <span class='ocrx_word' id='word_1_107' title='bbox 1045 973 1065 1008; x_wconf 84' lang='lat'><strong>10</strong></span> 
     </span>
    </p>
   </div>
   <div class='ocr_carea' id='block_1_3' title="bbox 0 1021 1038 1085">
    <p class='ocr_par' dir='ltr' id='par_1_4' title="bbox 0 1021 1038 1085">
     <span class='ocr_line' id='line_1_12' title="bbox 0 1021 1038 1085; baseline 0.001 -13"><span class='ocrx_word' id='word_1_108' title='bbox 0 1034 2 1037; x_wconf 55' lang='lat'><strong>⁴</strong></span> <span class='ocrx_word' id='word_1_109' title='bbox 72 1023 250 1085; x_wconf 69' lang='grc' dir='ltr'><em>ἀμφιβάλλοντα</em></span> <span class='ocrx_word' id='word_1_110' title='bbox 264 1034 310 1075; x_wconf 85' lang='grc' dir='ltr'><em>τοῖς</em></span> <span class='ocrx_word' id='word_1_111' title='bbox 324 1021 371 1072; x_wconf 82' lang='grc' dir='ltr'><strong>άπὸ</strong></span> <span class='ocrx_word' id='word_1_112' title='bbox 381 1026 441 1071; x_wconf 74' lang='grc' dir='ltr'><em>Θεοῦ</em></span> <span class='ocrx_word' id='word_1_113' title='bbox 453 1025 573 1085; x_wconf 61' lang='lat' dir='ltr'><strong>piscaturi</strong></span> <span class='ocrx_word' id='word_1_114' title='bbox 587 1022 650 1082; x_wconf 70' lang='lat' dir='ltr'><strong>daut</strong></span> <span class='ocrx_word' id='word_1_115' title='bbox 663 1023 849 1083; x_wconf 72' lang='grc' dir='ltr'><em>ῥηθησομένοις5</em></span> <span class='ocrx_word' id='word_1_116' title='bbox 863 1025 1038 1084; x_wconf 65' lang='lat' dir='ltr'><strong>rocaboucort,</strong></span> 
     </span>
    </p>
   </div>
   <div class='ocr_carea' id='block_1_4' title="bbox 0 1092 1061 1578">
    <p class='ocr_par' dir='ltr' id='par_1_5' title="bbox 0 1092 1061 1506">
     <span class='ocr_line' id='line_1_13' title="bbox 73 1092 1036 1154; baseline 0.004 -12"><span class='ocrx_word' id='word_1_117' title='bbox 73 1094 119 1144; x_wconf 88' lang='grc' dir='ltr'><em>άλλ’</em></span> <span class='ocrx_word' id='word_1_118' title='bbox 135 1100 174 1140; x_wconf 83' lang='grc' dir='ltr'><em>ἵνα</em></span> <span class='ocrx_word' id='word_1_119' title='bbox 196 1092 282 1154; x_wconf 69' lang='lat' dir='ltr'><strong>,suadria</strong></span> <span class='ocrx_word' id='word_1_120' title='bbox 303 1097 339 1141; x_wconf 88' lang='grc' dir='ltr'><strong>ααὶ</strong></span> <span class='ocrx_word' id='word_1_121' title='bbox 359 1092 428 1146; x_wconf 80' lang='grc' dir='ltr'><em>αὐτὸς</em></span> <span class='ocrx_word' id='word_1_122' title='bbox 448 1094 518 1140; x_wconf 90' lang='grc' dir='ltr'><em>άλλον</em></span> <span class='ocrx_word' id='word_1_123' title='bbox 536 1092 703 1154; x_wconf 73' lang='grc' dir='ltr'><strong>εὐγνωμόνως6</strong></span> <span class='ocrx_word' id='word_1_124' title='bbox 721 1100 809 1150; x_wconf 70' lang='grc' dir='ltr'><em>μαθεῖν</em></span> <span class='ocrx_word' id='word_1_125' title='bbox 830 1096 931 1142; x_wconf 67' lang='grc' dir='ltr'><em>θέλοντα</em></span> <span class='ocrx_word' id='word_1_126' title='bbox 950 1099 1036 1151; x_wconf 69' lang='grc' dir='ltr'><em>διδάξαι</em></span> 
     </span>
     <span class='ocr_line' id='line_1_14' title="bbox 73 1161 1037 1225; baseline 0 -12"><span class='ocrx_word' id='word_1_127' title='bbox 73 1166 172 1225; x_wconf 68' lang='lat' dir='ltr'><strong>carptim.</strong></span> <span class='ocrx_word' id='word_1_128' title='bbox 201 1161 235 1211; x_wconf 74' lang='grc' dir='ltr'><strong>διὸ</strong></span> <span class='ocrx_word' id='word_1_129' title='bbox 251 1165 300 1222; x_wconf 88' lang='grc' dir='ltr'><em>λέγε</em></span> <span class='ocrx_word' id='word_1_130' title='bbox 314 1183 355 1222; x_wconf 91' lang='grc' dir='ltr'><strong>μοι</strong></span> <span class='ocrx_word' id='word_1_131' title='bbox 360 1199 368 1219; x_wconf 84' lang='grc'>,</span> <span class='ocrx_word' id='word_1_132' title='bbox 382 1166 433 1211; x_wconf 88' lang='grc' dir='ltr'><em>τίνοι</em></span> <span class='ocrx_word' id='word_1_133' title='bbox 449 1166 495 1212; x_wconf 81' lang='grc' dir='ltr'><em>ἐστὶ</em></span> <span class='ocrx_word' id='word_1_134' title='bbox 510 1162 538 1210; x_wconf 89' lang='grc' dir='ltr'><strong>τά</strong></span> <span class='ocrx_word' id='word_1_135' title='bbox 554 1164 729 1224; x_wconf 75' lang='grc' dir='ltr'><strong>προσκείμενα7</strong></span> <span class='ocrx_word' id='word_1_136' title='bbox 744 1166 818 1223; x_wconf 79' lang='grc' dir='ltr'><em>ψεαείή</em></span> <span class='ocrx_word' id='word_1_137' title='bbox 834 1176 882 1217; x_wconf 86' lang='grc' dir='ltr'><em>ταῖς</em></span> <span class='ocrx_word' id='word_1_138' title='bbox 889 1179 984 1224; x_wconf 82' lang='grc' dir='ltr'><em>γραφαῖς</em></span> <span class='ocrx_word' id='word_1_139' title='bbox 1001 1173 1037 1217; x_wconf 75' lang='lat' dir='ltr'><strong>aut</strong></span> 
     </span>
     <span class='ocr_line' id='line_1_15' title="bbox 0 1230 1036 1296; baseline 0.001 -14"><span class='ocrx_word' id='word_1_140' title='bbox 0 1290 1 1294; x_wconf 10' lang='grc' dir='ltr'><strong>Ἰ</strong></span> <span class='ocrx_word' id='word_1_141' title='bbox 72 1238 131 1290; x_wconf 80' lang='grc' dir='ltr'><em>πως,</em></span> <span class='ocrx_word' id='word_1_142' title='bbox 147 1234 182 1282; x_wconf 81' lang='grc' dir='ltr'><strong>ὅτι</strong></span> <span class='ocrx_word' id='word_1_143' title='bbox 198 1232 267 1285; x_wconf 78' lang='grc' dir='ltr'><em>ὅντως</em></span> <span class='ocrx_word' id='word_1_144' title='bbox 282 1235 355 1293; x_wconf 54' lang='lat' dir='ltr'><strong>prodii</strong></span> <span class='ocrx_word' id='word_1_145' title='bbox 372 1230 487 1296; x_wconf 75' lang='grc' dir='ltr'><em>τυγχάνει.</em></span> <span class='ocrx_word' id='word_1_146' title='bbox 515 1237 552 1282; x_wconf 79' lang='grc' dir='ltr'><strong>καί</strong></span> <span class='ocrx_word' id='word_1_147' title='bbox 566 1235 579 1283; x_wconf 82' lang='grc' dir='ltr'><em>ά</em></span> <span class='ocrx_word' id='word_1_148' title='bbox 595 1238 682 1295; x_wconf 87' lang='grc' dir='ltr'><em>Πέτρος</em></span> <span class='ocrx_word' id='word_1_149' title='bbox 698 1230 848 1293; x_wconf 80' lang='grc' dir='ltr'><em>άπενρίνατο·</em></span> <span class='ocrx_word' id='word_1_150' title='bbox 865 1238 901 1282; x_wconf 87' lang='grc' dir='ltr'><em>ναὶ</em></span> <span class='ocrx_word' id='word_1_151' title='bbox 912 1241 933 1282; x_wconf 86' lang='grc' dir='ltr'><strong>εἰ</strong></span> <span class='ocrx_word' id='word_1_152' title='bbox 947 1238 981 1296; x_wconf 75' lang='grc' dir='ltr'><strong>μή</strong></span> <span class='ocrx_word' id='word_1_153' title='bbox 990 1258 1036 1295; x_wconf 85' lang='grc' dir='ltr'><em>μον</em></span> 
     </span>
     <span class='ocr_line' id='line_1_16' title="bbox 0 1301 1061 1365; baseline 0.002 -12"><span class='ocrx_word' id='word_1_154' title='bbox 0 1350 1 1353; x_wconf 73' lang='grc'>,</span> <span class='ocrx_word' id='word_1_155' title='bbox 71 1303 174 1359; x_wconf 65' lang='lat' dir='ltr'><strong>sudoro,</strong></span> <span class='ocrx_word' id='word_1_156' title='bbox 189 1301 229 1362; x_wconf 82' lang='grc' dir='ltr'><em>ἐγαί</em></span> <span class='ocrx_word' id='word_1_157' title='bbox 244 1308 272 1364; x_wconf 79' lang='grc' dir='ltr'><strong>τῇ</strong></span> <span class='ocrx_word' id='word_1_158' title='bbox 287 1304 349 1359; x_wconf 82' lang='grc' dir='ltr'><em>τάξει</em></span> <span class='ocrx_word' id='word_1_159' title='bbox 363 1301 425 1359; x_wconf 75' lang='grc' dir='ltr'><em>ἐξιών</em></span> <span class='ocrx_word' id='word_1_160' title='bbox 441 1307 486 1352; x_wconf 82' lang='grc' dir='ltr'><em>τάν</em></span> <span class='ocrx_word' id='word_1_161' title='bbox 501 1304 573 1364; x_wconf 79' lang='grc' dir='ltr'><em>λέγων</em></span> <span class='ocrx_word' id='word_1_162' title='bbox 588 1315 694 1365; x_wconf 80' lang='grc' dir='ltr'><em>παρεῖχον</em></span> <span class='ocrx_word' id='word_1_163' title='bbox 714 1302 756 1362; x_wconf 74' lang='grc' dir='ltr'><em>τήν</em></span> <span class='ocrx_word' id='word_1_164' title='bbox 773 1301 906 1361; x_wconf 77' lang='grc' dir='ltr'><em>άπάολειξιν,</em></span> <span class='ocrx_word' id='word_1_165' title='bbox 926 1305 955 1365; x_wconf 75' lang='grc' dir='ltr'><em>ἢν</em></span> <span class='ocrx_word' id='word_1_166' title='bbox 977 1304 1061 1361; x_wconf 74' lang='lat' dir='ltr'><strong>dots-15</strong></span> 
     </span>
     <span class='ocr_line' id='line_1_17' title="bbox 71 1371 1035 1437; baseline 0.001 -14"><span class='ocrx_word' id='word_1_167' title='bbox 71 1372 168 1437; x_wconf 76' lang='grc' dir='ltr'><em>σχάμων.</em></span> <span class='ocrx_word' id='word_1_168' title='bbox 197 1371 258 1434; x_wconf 65' lang='grc' dir='ltr'><em>πλὴν</em></span> <span class='ocrx_word' id='word_1_169' title='bbox 274 1374 383 1428; x_wconf 81' lang='grc' dir='ltr'><em>άαοωσον,</em></span> <span class='ocrx_word' id='word_1_170' title='bbox 398 1377 445 1425; x_wconf 83' lang='grc' dir='ltr'><strong>πῶς</strong></span> <span class='ocrx_word' id='word_1_171' title='bbox 460 1372 535 1422; x_wconf 72' lang='grc' dir='ltr'><em>αὐτοῦ</em></span> <span class='ocrx_word' id='word_1_172' title='bbox 551 1373 624 1422; x_wconf 86' lang='grc' dir='ltr'><em>πολλά</em></span> <span class='ocrx_word' id='word_1_173' title='bbox 642 1374 830 1433; x_wconf 78' lang='grc' dir='ltr'><em>ναταψεάέονται</em></span> <span class='ocrx_word' id='word_1_174' title='bbox 850 1380 875 1421; x_wconf 91' lang='grc' dir='ltr'><strong>αἱ</strong></span> <span class='ocrx_word' id='word_1_175' title='bbox 888 1379 985 1435; x_wconf 83' lang='grc' dir='ltr'><em>γραφαί,</em></span> <span class='ocrx_word' id='word_1_176' title='bbox 1006 1375 1035 1430; x_wconf 78' lang='grc' dir='ltr'><strong>τίς</strong></span> 
     </span>
     <span class='ocr_line' id='line_1_18' title="bbox 70 1445 381 1506; baseline -0.006 -14"><span class='ocrx_word' id='word_1_177' title='bbox 70 1449 119 1504; x_wconf 79' lang='grc' dir='ltr'><em>είσφ</em></span> <span class='ocrx_word' id='word_1_178' title='bbox 133 1445 276 1506; x_wconf 77' lang='grc' dir='ltr'><em>ἐντυγχάνων</em></span> <span class='ocrx_word' id='word_1_179' title='bbox 291 1445 381 1496; x_wconf 81' lang='grc' dir='ltr'><em>αάταῑς.</em></span> 
     </span>
    </p>

    <p class='ocr_par' dir='ltr' id='par_1_6' title="bbox 125 1511 1035 1578">
     <span class='ocr_line' id='line_1_19' title="bbox 125 1511 1035 1578; baseline 0.003 -17"><span class='ocrx_word' id='word_1_180' title='bbox 125 1516 182 1562; x_wconf 83' lang='lat' dir='ltr'>XLII.</span> <span class='ocrx_word' id='word_1_181' title='bbox 214 1517 406 1578; x_wconf 74' lang='grc' dir='ltr'><em>Παροιλείγματος</em></span> <span class='ocrx_word' id='word_1_182' title='bbox 420 1516 444 1562; x_wconf 79' lang='lat' dir='ltr'><strong>dd</strong></span> <span class='ocrx_word' id='word_1_183' title='bbox 459 1513 551 1561; x_wconf 73' lang='lat' dir='ltr'><strong>aoscrc⁸</strong></span> <span class='ocrx_word' id='word_1_184' title='bbox 565 1511 593 1561; x_wconf 86' lang='grc' dir='ltr'><strong>τά</strong></span> <span class='ocrx_word' id='word_1_185' title='bbox 608 1513 759 1576; x_wconf 68' lang='grc' dir='ltr'><em>ῥηθησόμενα</em></span> <span class='ocrx_word' id='word_1_186' title='bbox 777 1513 893 1576; x_wconf 80' lang='grc' dir='ltr'><em>αάτάραως</em></span> <span class='ocrx_word' id='word_1_187' title='bbox 908 1520 959 1569; x_wconf 73' lang='grc' dir='ltr'><em>ἕξει.</em></span> <span class='ocrx_word' id='word_1_188' title='bbox 994 1514 1035 1564; x_wconf 82' lang='grc' dir='ltr'><em>οὐν</em></span> 
     </span>
    </p>
   </div>
   <div class='ocr_carea' id='block_1_5' title="bbox 63 1655 1059 2779">
    <p class='ocr_par' dir='ltr' id='par_1_7' title="bbox 66 1655 1059 2066">
     <span class='ocr_line' id='line_1_20' title="bbox 69 1655 1034 1713; baseline -0.001 -11"><span class='ocrx_word' id='word_1_189' title='bbox 69 1665 113 1702; x_wconf 85' lang='lat' dir='ltr'><strong>tane</strong></span> <span class='ocrx_word' id='word_1_190' title='bbox 128 1671 171 1702; x_wconf 90' lang='lat' dir='ltr'><strong>non</strong></span> <span class='ocrx_word' id='word_1_191' title='bbox 188 1658 265 1701; x_wconf 87' lang='lat' dir='ltr'><strong>debes:</strong></span> <span class='ocrx_word' id='word_1_192' title='bbox 279 1657 317 1702; x_wconf 87' lang='lat' dir='ltr'><strong>sad</strong></span> <span class='ocrx_word' id='word_1_193' title='bbox 332 1662 353 1701; x_wconf 89' lang='lat' dir='ltr'><strong>et</strong></span> <span class='ocrx_word' id='word_1_194' title='bbox 368 1658 388 1700; x_wconf 94' lang='lat' dir='ltr'><strong>in</strong></span> <span class='ocrx_word' id='word_1_195' title='bbox 404 1657 554 1713; x_wconf 76' lang='lat' dir='ltr'>disceptatione</span> <span class='ocrx_word' id='word_1_196' title='bbox 569 1655 689 1713; x_wconf 87' lang='lat' dir='ltr'><strong>miraberis,</strong></span> <span class='ocrx_word' id='word_1_197' title='bbox 708 1668 750 1711; x_wconf 88' lang='lat' dir='ltr'><strong>quo</strong></span> <span class='ocrx_word' id='word_1_198' title='bbox 765 1662 826 1713; x_wconf 91' lang='lat' dir='ltr'><strong>pacto</strong></span> <span class='ocrx_word' id='word_1_199' title='bbox 842 1657 897 1713; x_wconf 88' lang='lat' dir='ltr'><strong>impii</strong></span> <span class='ocrx_word' id='word_1_200' title='bbox 912 1657 999 1713; x_wconf 87' lang='lat' dir='ltr'><strong>plurima</strong></span> <span class='ocrx_word' id='word_1_201' title='bbox 1013 1658 1034 1701; x_wconf 92' lang='lat' dir='ltr'><strong>in</strong></span> 
     </span>
     <span class='ocr_line' id='line_1_21' title="bbox 68 1728 1059 1785; baseline 0.003 -13"><span class='ocrx_word' id='word_1_202' title='bbox 68 1730 176 1785; x_wconf 77' lang='lat' dir='ltr'><strong>scripturis</strong></span> <span class='ocrx_word' id='word_1_203' title='bbox 191 1741 229 1784; x_wconf 88' lang='lat' dir='ltr'><strong>pro</strong></span> <span class='ocrx_word' id='word_1_204' title='bbox 244 1729 289 1771; x_wconf 89' lang='lat' dir='ltr'><strong>Deo</strong></span> <span class='ocrx_word' id='word_1_205' title='bbox 305 1728 358 1771; x_wconf 91' lang='lat' dir='ltr'><strong>dicta</strong></span> <span class='ocrx_word' id='word_1_206' title='bbox 372 1729 499 1785; x_wconf 82' lang='lat' dir='ltr'><strong>relinquunt,</strong></span> <span class='ocrx_word' id='word_1_207' title='bbox 516 1734 537 1771; x_wconf 83' lang='lat' dir='ltr'><strong>et</strong></span> <span class='ocrx_word' id='word_1_208' title='bbox 552 1728 689 1781; x_wconf 74' lang='lat' dir='ltr'><strong>respicientes</strong></span> <span class='ocrx_word' id='word_1_209' title='bbox 707 1728 732 1769; x_wconf 90' lang='lat' dir='ltr'><strong>ad</strong></span> <span class='ocrx_word' id='word_1_210' title='bbox 751 1740 788 1783; x_wconf 90' lang='lat' dir='ltr'><strong>ea,</strong></span> <span class='ocrx_word' id='word_1_211' title='bbox 810 1741 864 1784; x_wconf 86' lang='lat' dir='ltr'><strong>quac</strong></span> <span class='ocrx_word' id='word_1_212' title='bbox 880 1734 953 1771; x_wconf 90' lang='lat' dir='ltr'><strong>contra</strong></span> <span class='ocrx_word' id='word_1_213' title='bbox 967 1730 1033 1784; x_wconf 91' lang='lat' dir='ltr'><strong>ipsum</strong></span> <span class='ocrx_word' id='word_1_214' title='bbox 1040 1742 1059 1776; x_wconf 84' lang='lat' dir='ltr'><strong>ao</strong></span> 
     </span>
     <span class='ocr_line' id='line_1_22' title="bbox 68 1798 1033 1856; baseline 0 -14"><span class='ocrx_word' id='word_1_215' title='bbox 68 1801 143 1856; x_wconf 89' lang='lat' dir='ltr'><strong>scripta</strong></span> <span class='ocrx_word' id='word_1_216' title='bbox 158 1806 216 1856; x_wconf 91' lang='lat' dir='ltr'><strong>sunt,</strong></span> <span class='ocrx_word' id='word_1_217' title='bbox 231 1800 284 1842; x_wconf 89' lang='lat' dir='ltr'><strong>baec</strong></span> <span class='ocrx_word' id='word_1_218' title='bbox 298 1799 339 1842; x_wconf 86' lang='lat' dir='ltr'><strong>late</strong></span> <span class='ocrx_word' id='word_1_219' title='bbox 353 1799 466 1855; x_wconf 85' lang='lat' dir='ltr'><strong>proferunt,</strong></span> <span class='ocrx_word' id='word_1_220' title='bbox 481 1800 553 1854; x_wconf 87' lang='lat' dir='ltr'><strong>sicque</strong></span> <span class='ocrx_word' id='word_1_221' title='bbox 563 1798 667 1842; x_wconf 74' lang='lat' dir='ltr'>auditores</span> <span class='ocrx_word' id='word_1_222' title='bbox 676 1799 807 1855; x_wconf 84' lang='lat' dir='ltr'><strong>ignorantiae</strong></span> <span class='ocrx_word' id='word_1_223' title='bbox 820 1812 879 1856; x_wconf 87' lang='lat' dir='ltr'><strong>ergo,</strong></span> <span class='ocrx_word' id='word_1_224' title='bbox 896 1812 950 1854; x_wconf 84' lang='lat' dir='ltr'><strong>quac</strong></span> <span class='ocrx_word' id='word_1_225' title='bbox 959 1806 1033 1843; x_wconf 89' lang='lat' dir='ltr'><strong>contra</strong></span> 
     </span>
     <span class='ocr_line' id='line_1_23' title="bbox 66 1868 1032 1926; baseline 0.001 -14"><span class='ocrx_word' id='word_1_226' title='bbox 66 1871 132 1912; x_wconf 85' lang='lat' dir='ltr'><strong>Deum</strong></span> <span class='ocrx_word' id='word_1_227' title='bbox 147 1876 203 1926; x_wconf 90' lang='lat' dir='ltr'><strong>sunt,</strong></span> <span class='ocrx_word' id='word_1_228' title='bbox 219 1869 338 1925; x_wconf 83' lang='lat' dir='ltr'><strong>credentes,</strong></span> <span class='ocrx_word' id='word_1_229' title='bbox 354 1869 379 1910; x_wconf 89' lang='lat' dir='ltr'><strong>ab</strong></span> <span class='ocrx_word' id='word_1_230' title='bbox 394 1869 447 1911; x_wconf 92' lang='lat' dir='ltr'><strong>illius</strong></span> <span class='ocrx_word' id='word_1_231' title='bbox 462 1881 528 1923; x_wconf 87' lang='lat' dir='ltr'><strong>regno</strong></span> <span class='ocrx_word' id='word_1_232' title='bbox 545 1869 660 1923; x_wconf 88' lang='lat' dir='ltr'><strong>ejiciuntur.</strong></span> <span class='ocrx_word' id='word_1_233' title='bbox 691 1868 794 1917; x_wconf 78' lang='lat' dir='ltr'><strong>Quocirca</strong></span> <span class='ocrx_word' id='word_1_234' title='bbox 809 1874 832 1911; x_wconf 90' lang='lat' dir='ltr'><strong>tu</strong></span> <span class='ocrx_word' id='word_1_235' title='bbox 848 1872 960 1913; x_wconf 81' lang='lat' dir='ltr'><strong>occasione</strong></span> <span class='ocrx_word' id='word_1_236' title='bbox 978 1871 1032 1913; x_wconf 88' lang='lat' dir='ltr'><strong>dila-</strong></span> 
     </span>
     <span class='ocr_line' id='line_1_24' title="bbox 67 1940 1030 1998; baseline 0.001 -16"><span class='ocrx_word' id='word_1_237' title='bbox 67 1942 127 1984; x_wconf 85' lang='lat' dir='ltr'><strong>tionis</strong></span> <span class='ocrx_word' id='word_1_238' title='bbox 150 1941 300 1996; x_wconf 86' lang='lat' dir='ltr'><strong>Soripturarum</strong></span> <span class='ocrx_word' id='word_1_239' title='bbox 320 1941 439 1996; x_wconf 75' lang='lat' dir='ltr'><strong>mysterium</strong></span> <span class='ocrx_word' id='word_1_240' title='bbox 462 1940 555 1996; x_wconf 90' lang='lat' dir='ltr'><strong>discens,</strong></span> <span class='ocrx_word' id='word_1_241' title='bbox 580 1940 672 1982; x_wconf 88' lang='lat' dir='ltr'><strong>lucratus</strong></span> <span class='ocrx_word' id='word_1_242' title='bbox 692 1951 735 1981; x_wconf 92' lang='lat' dir='ltr'><strong>non</strong></span> <span class='ocrx_word' id='word_1_243' title='bbox 751 1951 840 1994; x_wconf 84' lang='lat' dir='ltr'><strong>peccaro</strong></span> <span class='ocrx_word' id='word_1_244' title='bbox 860 1941 881 1983; x_wconf 92' lang='lat' dir='ltr'><strong>in</strong></span> <span class='ocrx_word' id='word_1_245' title='bbox 896 1941 974 1998; x_wconf 88' lang='lat' dir='ltr'><strong>Deum,</strong></span> <span class='ocrx_word' id='word_1_246' title='bbox 996 1943 1030 1984; x_wconf 87' lang='lat' dir='ltr'><strong>in-</strong></span> 
     </span>
     <span class='ocr_line' id='line_1_25' title="bbox 68 2011 407 2066; baseline 0.003 -13"><span class='ocrx_word' id='word_1_247' title='bbox 68 2012 198 2066; x_wconf 79' lang='lat' dir='ltr'><strong>comparabili</strong></span> <span class='ocrx_word' id='word_1_248' title='bbox 214 2011 289 2066; x_wconf 85' lang='lat' dir='ltr'><strong>gaudio</strong></span> <span class='ocrx_word' id='word_1_249' title='bbox 306 2011 407 2054; x_wconf 87' lang='lat' dir='ltr'><strong>afficieris.</strong></span> 
     </span>
    </p>

    <p class='ocr_par' dir='ltr' id='par_1_8' title="bbox 63 2080 1056 2709">
     <span class='ocr_line' id='line_1_26' title="bbox 123 2080 1056 2138; baseline 0 -14"><span class='ocrx_word' id='word_1_250' title='bbox 123 2081 173 2124; x_wconf 91' lang='lat' dir='ltr'><strong>XLI.</strong></span> <span class='ocrx_word' id='word_1_251' title='bbox 202 2082 227 2125; x_wconf 86' lang='lat' dir='ltr'><strong>Et</strong></span> <span class='ocrx_word' id='word_1_252' title='bbox 242 2094 282 2136; x_wconf 85' lang='lat' dir='ltr'><strong>ego</strong></span> <span class='ocrx_word' id='word_1_253' title='bbox 299 2082 392 2126; x_wconf 81' lang='lat' dir='ltr'><strong>Clemens</strong></span> <span class='ocrx_word' id='word_1_254' title='bbox 412 2095 437 2125; x_wconf 88' lang='lat' dir='ltr'><strong>eo</strong></span> <span class='ocrx_word' id='word_1_255' title='bbox 457 2080 526 2124; x_wconf 88' lang='lat' dir='ltr'><strong>audito</strong></span> <span class='ocrx_word' id='word_1_256' title='bbox 543 2081 593 2123; x_wconf 80' lang='lat' dir='ltr'><strong>diri:</strong></span> <span class='ocrx_word' id='word_1_257' title='bbox 613 2092 688 2124; x_wconf 87' lang='lat' dir='ltr'><strong>revera</strong></span> <span class='ocrx_word' id='word_1_258' title='bbox 709 2080 804 2138; x_wconf 81' lang='lat' dir='ltr'><strong>gaudeo,</strong></span> <span class='ocrx_word' id='word_1_259' title='bbox 825 2087 845 2125; x_wconf 92' lang='lat' dir='ltr'><strong>ct</strong></span> <span class='ocrx_word' id='word_1_260' title='bbox 865 2083 941 2137; x_wconf 77' lang='lat' dir='ltr'><strong>gratias</strong></span> <span class='ocrx_word' id='word_1_261' title='bbox 962 2082 1056 2126; x_wconf 84' lang='lat' dir='ltr'><strong>habeoat</strong></span> 
     </span>
     <span class='ocr_line' id='line_1_27' title="bbox 65 2153 1030 2210; baseline 0.002 -15"><span class='ocrx_word' id='word_1_262' title='bbox 65 2153 166 2196; x_wconf 87' lang='lat' dir='ltr'><strong>beneficio</strong></span> <span class='ocrx_word' id='word_1_263' title='bbox 181 2165 267 2207; x_wconf 90' lang='lat' dir='ltr'><strong>prorsus</strong></span> <span class='ocrx_word' id='word_1_264' title='bbox 282 2153 338 2209; x_wconf 88' lang='lat' dir='ltr'><strong>Deo,</strong></span> <span class='ocrx_word' id='word_1_265' title='bbox 354 2154 389 2208; x_wconf 81' lang='lat' dir='ltr'><strong>qui</strong></span> <span class='ocrx_word' id='word_1_266' title='bbox 404 2154 464 2196; x_wconf 90' lang='lat' dir='ltr'><strong>ctiam</strong></span> <span class='ocrx_word' id='word_1_267' title='bbox 477 2154 526 2209; x_wconf 88' lang='lat' dir='ltr'><strong>soit,</strong></span> <span class='ocrx_word' id='word_1_268' title='bbox 542 2166 574 2196; x_wconf 89' lang='lat' dir='ltr'><strong>me</strong></span> <span class='ocrx_word' id='word_1_269' title='bbox 590 2153 644 2195; x_wconf 89' lang='lat' dir='ltr'><strong>aliud</strong></span> <span class='ocrx_word' id='word_1_270' title='bbox 660 2153 737 2197; x_wconf 86' lang='lat' dir='ltr'><strong>sentire</strong></span> <span class='ocrx_word' id='word_1_271' title='bbox 752 2165 796 2195; x_wconf 90' lang='lat' dir='ltr'><strong>non</strong></span> <span class='ocrx_word' id='word_1_272' title='bbox 811 2165 884 2210; x_wconf 89' lang='lat' dir='ltr'><strong>posse,</strong></span> <span class='ocrx_word' id='word_1_273' title='bbox 900 2154 940 2197; x_wconf 91' lang='lat' dir='ltr'><strong>nisi</strong></span> <span class='ocrx_word' id='word_1_274' title='bbox 957 2160 1030 2197; x_wconf 90' lang='lat' dir='ltr'><strong>cuncta</strong></span> 
     </span>
     <span class='ocr_line' id='line_1_28' title="bbox 65 2223 1030 2280; baseline 0 -12"><span class='ocrx_word' id='word_1_275' title='bbox 65 2237 102 2280; x_wconf 92' lang='lat' dir='ltr'><strong>pro</strong></span> <span class='ocrx_word' id='word_1_276' title='bbox 119 2238 152 2269; x_wconf 88' lang='lat' dir='ltr'><strong>eo.</strong></span> <span class='ocrx_word' id='word_1_277' title='bbox 184 2226 286 2275; x_wconf 83' lang='lat' dir='ltr'><strong>Quocirca</strong></span> <span class='ocrx_word' id='word_1_278' title='bbox 300 2238 327 2267; x_wconf 93' lang='lat' dir='ltr'><strong>ne</strong></span> <span class='ocrx_word' id='word_1_279' title='bbox 342 2224 426 2280; x_wconf 88' lang='lat' dir='ltr'><strong>credas,</strong></span> <span class='ocrx_word' id='word_1_280' title='bbox 441 2237 483 2279; x_wconf 87' lang='lat' dir='ltr'><strong>mc,</strong></span> <span class='ocrx_word' id='word_1_281' title='bbox 500 2224 559 2278; x_wconf 87' lang='lat' dir='ltr'><strong>quasi</strong></span> <span class='ocrx_word' id='word_1_282' title='bbox 574 2224 600 2266; x_wconf 90' lang='lat' dir='ltr'><strong>de</strong></span> <span class='ocrx_word' id='word_1_283' title='bbox 616 2225 655 2265; x_wconf 84' lang='lat' dir='ltr'><strong>Dei</strong></span> <span class='ocrx_word' id='word_1_284' title='bbox 665 2224 735 2267; x_wconf 84' lang='lat' dir='ltr'><strong>verbis</strong></span> <span class='ocrx_word' id='word_1_285' title='bbox 750 2224 785 2266; x_wconf 92' lang='lat' dir='ltr'><strong>vel</strong></span> <span class='ocrx_word' id='word_1_286' title='bbox 800 2224 826 2266; x_wconf 88' lang='lat' dir='ltr'><strong>de</strong></span> <span class='ocrx_word' id='word_1_287' title='bbox 839 2225 863 2267; x_wconf 90' lang='lat' dir='ltr'><strong>iis</strong></span> <span class='ocrx_word' id='word_1_288' title='bbox 874 2237 927 2279; x_wconf 89' lang='lat' dir='ltr'><strong>quae</strong></span> <span class='ocrx_word' id='word_1_289' title='bbox 939 2223 1030 2268; x_wconf 84' lang='lat' dir='ltr'><strong>dicturus</strong></span> 
     </span>
     <span class='ocr_line' id='line_1_29' title="bbox 64 2294 1030 2352; baseline -0.001 -15"><span class='ocrx_word' id='word_1_290' title='bbox 64 2308 87 2338; x_wconf 85' lang='lat' dir='ltr'><strong>es</strong></span> <span class='ocrx_word' id='word_1_291' title='bbox 103 2295 200 2352; x_wconf 83' lang='lat' dir='ltr'><strong>dubitem,</strong></span> <span class='ocrx_word' id='word_1_292' title='bbox 214 2296 357 2351; x_wconf 72' lang='lat' dir='ltr'><strong>interrogare3</strong></span> <span class='ocrx_word' id='word_1_293' title='bbox 372 2294 409 2338; x_wconf 88' lang='lat' dir='ltr'><strong>sed</strong></span> <span class='ocrx_word' id='word_1_294' title='bbox 424 2299 447 2336; x_wconf 88' lang='lat' dir='ltr'><strong>ut</strong></span> <span class='ocrx_word' id='word_1_295' title='bbox 462 2294 564 2336; x_wconf 90' lang='lat' dir='ltr'><strong>audiendo</strong></span> <span class='ocrx_word' id='word_1_296' title='bbox 579 2295 623 2348; x_wconf 89' lang='lat' dir='ltr'><strong>ipsc</strong></span> <span class='ocrx_word' id='word_1_297' title='bbox 638 2307 723 2350; x_wconf 87' lang='lat' dir='ltr'><strong>quoque</strong></span> <span class='ocrx_word' id='word_1_298' title='bbox 736 2294 797 2337; x_wconf 90' lang='lat' dir='ltr'><strong>alium</strong></span> <span class='ocrx_word' id='word_1_299' title='bbox 807 2296 894 2337; x_wconf 88' lang='lat' dir='ltr'><strong>candide</strong></span> <span class='ocrx_word' id='word_1_300' title='bbox 910 2294 981 2337; x_wconf 89' lang='lat' dir='ltr'><strong>audire</strong></span> <span class='ocrx_word' id='word_1_301' title='bbox 991 2295 1030 2337; x_wconf 90' lang='lat' dir='ltr'><strong>dc-</strong></span> 
     </span>
     <span class='ocr_line' id='line_1_30' title="bbox 65 2365 1030 2422; baseline 0.001 -15"><span class='ocrx_word' id='word_1_302' title='bbox 65 2366 190 2409; x_wconf 88' lang='lat' dir='ltr'><strong>siderantom</strong></span> <span class='ocrx_word' id='word_1_303' title='bbox 205 2367 282 2409; x_wconf 84' lang='lat' dir='ltr'><strong>ducere</strong></span> <span class='ocrx_word' id='word_1_304' title='bbox 300 2367 386 2410; x_wconf 85' lang='lat' dir='ltr'><strong>valeam.</strong></span> <span class='ocrx_word' id='word_1_305' title='bbox 421 2365 500 2409; x_wconf 85' lang='lat' dir='ltr'><strong>idcirco</strong></span> <span class='ocrx_word' id='word_1_306' title='bbox 522 2378 605 2420; x_wconf 84' lang='lat' dir='ltr'><strong>expone</strong></span> <span class='ocrx_word' id='word_1_307' title='bbox 624 2365 673 2408; x_wconf 90' lang='lat' dir='ltr'><strong>mihi</strong></span> <span class='ocrx_word' id='word_1_308' title='bbox 694 2379 796 2422; x_wconf 85' lang='lat' dir='ltr'><strong>quaenam</strong></span> <span class='ocrx_word' id='word_1_309' title='bbox 820 2369 861 2411; x_wconf 92' lang='lat' dir='ltr'><strong>sint</strong></span> <span class='ocrx_word' id='word_1_310' title='bbox 883 2367 989 2410; x_wconf 86' lang='lat' dir='ltr'><strong>mendacia</strong></span> <span class='ocrx_word' id='word_1_311' title='bbox 1010 2368 1030 2409; x_wconf 92' lang='lat' dir='ltr'><strong>in</strong></span> 
     </span>
     <span class='ocr_line' id='line_1_31' title="bbox 64 2436 1055 2494; baseline 0 -15"><span class='ocrx_word' id='word_1_312' title='bbox 64 2436 299 2494; x_wconf 69' lang='lat' dir='ltr'><strong>Scripturi&#39;sexstantia,</strong></span> <span class='ocrx_word' id='word_1_313' title='bbox 323 2443 344 2480; x_wconf 85' lang='lat' dir='ltr'><strong>et</strong></span> <span class='ocrx_word' id='word_1_314' title='bbox 359 2449 400 2491; x_wconf 86' lang='lat' dir='ltr'><strong>quo</strong></span> <span class='ocrx_word' id='word_1_315' title='bbox 416 2437 478 2479; x_wconf 93' lang='lat' dir='ltr'><strong>modo</strong></span> <span class='ocrx_word' id='word_1_316' title='bbox 500 2449 552 2479; x_wconf 85' lang='lat' dir='ltr'><strong>vere</strong></span> <span class='ocrx_word' id='word_1_317' title='bbox 566 2436 673 2479; x_wconf 86' lang='lat' dir='ltr'><strong>mendacia</strong></span> <span class='ocrx_word' id='word_1_318' title='bbox 689 2438 735 2482; x_wconf 89' lang='lat' dir='ltr'><strong>sint.</strong></span> <span class='ocrx_word' id='word_1_319' title='bbox 770 2437 802 2480; x_wconf 92' lang='lat' dir='ltr'><strong>Ac</strong></span> <span class='ocrx_word' id='word_1_320' title='bbox 822 2438 895 2482; x_wconf 90' lang='lat' dir='ltr'><strong>Petrus</strong></span> <span class='ocrx_word' id='word_1_321' title='bbox 914 2439 1055 2494; x_wconf 72' lang='lat' dir='ltr'><strong>responditzao</strong></span> 
     </span>
     <span class='ocr_line' id='line_1_32' title="bbox 63 2507 1028 2565; baseline 0.002 -15"><span class='ocrx_word' id='word_1_322' title='bbox 63 2508 110 2551; x_wconf 89' lang='lat' dir='ltr'><strong>licet</strong></span> <span class='ocrx_word' id='word_1_323' title='bbox 124 2523 157 2552; x_wconf 89' lang='lat' dir='ltr'><strong>me</strong></span> <span class='ocrx_word' id='word_1_324' title='bbox 172 2522 215 2551; x_wconf 94' lang='lat' dir='ltr'><strong>non</strong></span> <span class='ocrx_word' id='word_1_325' title='bbox 229 2510 393 2565; x_wconf 76' lang='lat' dir='ltr'><strong>interrogasses,</strong></span> <span class='ocrx_word' id='word_1_326' title='bbox 414 2520 454 2563; x_wconf 87' lang='lat' dir='ltr'><strong>ego</strong></span> <span class='ocrx_word' id='word_1_327' title='bbox 477 2507 570 2550; x_wconf 86' lang='lat' dir='ltr'><strong>ordinem</strong></span> <span class='ocrx_word' id='word_1_328' title='bbox 591 2520 723 2563; x_wconf 84' lang='lat' dir='ltr'><strong>prosequens</strong></span> <span class='ocrx_word' id='word_1_329' title='bbox 747 2521 868 2553; x_wconf 86' lang='lat' dir='ltr'><strong>sermonum</strong></span> <span class='ocrx_word' id='word_1_330' title='bbox 891 2510 1028 2553; x_wconf 80' lang='lat' dir='ltr'><strong>exhibuissem</strong></span> 
     </span>
     <span class='ocr_line' id='line_1_33' title="bbox 64 2580 1027 2637; baseline 0 -14"><span class='ocrx_word' id='word_1_331' title='bbox 64 2581 271 2637; x_wconf 85' lang='lat' dir='ltr'><strong>demonstrationem,</strong></span> <span class='ocrx_word' id='word_1_332' title='bbox 287 2595 348 2636; x_wconf 87' lang='lat' dir='ltr'><strong>quam</strong></span> <span class='ocrx_word' id='word_1_333' title='bbox 363 2582 503 2637; x_wconf 86' lang='lat' dir='ltr'><strong>promiseram.</strong></span> <span class='ocrx_word' id='word_1_334' title='bbox 534 2580 597 2636; x_wconf 82' lang='lat' dir='ltr'><strong>Igitur</strong></span> <span class='ocrx_word' id='word_1_335' title='bbox 615 2580 673 2635; x_wconf 90' lang='lat' dir='ltr'><strong>audi,</strong></span> <span class='ocrx_word' id='word_1_336' title='bbox 696 2592 738 2634; x_wconf 87' lang='lat' dir='ltr'><strong>quo</strong></span> <span class='ocrx_word' id='word_1_337' title='bbox 758 2587 820 2635; x_wconf 90' lang='lat' dir='ltr'><strong>pacto</strong></span> <span class='ocrx_word' id='word_1_338' title='bbox 839 2582 902 2624; x_wconf 87' lang='lat' dir='ltr'><strong>multa</strong></span> <span class='ocrx_word' id='word_1_339' title='bbox 922 2583 942 2623; x_wconf 90' lang='lat' dir='ltr'><strong>in</strong></span> <span class='ocrx_word' id='word_1_340' title='bbox 963 2582 1027 2623; x_wconf 87' lang='lat' dir='ltr'><strong>Deum</strong></span> 
     </span>
     <span class='ocr_line' id='line_1_34' title="bbox 64 2650 796 2709; baseline 0 -15"><span class='ocrx_word' id='word_1_341' title='bbox 64 2655 187 2697; x_wconf 89' lang='lat' dir='ltr'><strong>mentiantur</strong></span> <span class='ocrx_word' id='word_1_342' title='bbox 202 2651 330 2709; x_wconf 85' lang='lat' dir='ltr'><strong>Scripturac,</strong></span> <span class='ocrx_word' id='word_1_343' title='bbox 345 2650 517 2707; x_wconf 89' lang='lat' dir='ltr'><strong>quemadmodum</strong></span> <span class='ocrx_word' id='word_1_344' title='bbox 532 2663 567 2694; x_wconf 86' lang='lat' dir='ltr'><strong>cas</strong></span> <span class='ocrx_word' id='word_1_345' title='bbox 582 2650 671 2705; x_wconf 85' lang='lat' dir='ltr'><strong>legendo</strong></span> <span class='ocrx_word' id='word_1_346' title='bbox 687 2651 796 2705; x_wconf 83' lang='lat' dir='ltr'><strong>intelliges.</strong></span> 
     </span>
    </p>

    <p class='ocr_par' dir='ltr' id='par_1_9' title="bbox 120 2721 1027 2779">
     <span class='ocr_line' id='line_1_35' title="bbox 120 2721 1027 2779; baseline -0.003 -14"><span class='ocrx_word' id='word_1_347' title='bbox 120 2722 177 2766; x_wconf 86' lang='lat' dir='ltr'>XLII.</span> <span class='ocrx_word' id='word_1_348' title='bbox 208 2723 300 2778; x_wconf 84' lang='lat' dir='ltr'><strong>Exempli</strong></span> <span class='ocrx_word' id='word_1_349' title='bbox 315 2729 383 2767; x_wconf 87' lang='lat' dir='ltr'><strong>antem</strong></span> <span class='ocrx_word' id='word_1_350' title='bbox 403 2723 478 2778; x_wconf 80' lang='lat' dir='ltr'><strong>gratia,</strong></span> <span class='ocrx_word' id='word_1_351' title='bbox 497 2734 551 2778; x_wconf 84' lang='lat' dir='ltr'><strong>quae</strong></span> <span class='ocrx_word' id='word_1_352' title='bbox 567 2722 669 2777; x_wconf 85' lang='lat' dir='ltr'><strong>dicentur,</strong></span> <span class='ocrx_word' id='word_1_353' title='bbox 685 2721 795 2766; x_wconf 88' lang='lat' dir='ltr'><strong>sufficient.</strong></span> <span class='ocrx_word' id='word_1_354' title='bbox 831 2722 857 2766; x_wconf 87' lang='lat' dir='ltr'><strong>Et</strong></span> <span class='ocrx_word' id='word_1_355' title='bbox 877 2734 940 2779; x_wconf 82' lang='lat' dir='ltr'><strong>vcro,</strong></span> <span class='ocrx_word' id='word_1_356' title='bbox 963 2721 1027 2763; x_wconf 82' lang='lat' dir='ltr'><strong>antico</strong></span> 
     </span>
    </p>
   </div>
   <div class='ocr_carea' id='block_1_6' title="bbox 62 2914 1020 3270">
    <p class='ocr_par' dir='ltr' id='par_1_10' title="bbox 92 2914 1020 3152">
     <span class='ocr_line' id='line_1_36' title="bbox 94 2914 951 2972; baseline -0.002 -15"><span class='ocrx_word' id='word_1_357' title='bbox 94 2921 112 2957; x_wconf 90' lang='lat'><strong>1.</strong></span> <span class='ocrx_word' id='word_1_358' title='bbox 142 2917 301 2972; x_wconf 83' lang='grc' dir='ltr'><em>παραλείποντες</em></span> <span class='ocrx_word' id='word_1_359' title='bbox 317 2920 337 2959; x_wconf 83' lang='lat' dir='ltr'><strong>G.</strong></span> <span class='ocrx_word' id='word_1_360' title='bbox 585 2923 602 2958; x_wconf 83' lang='lat'><strong>6.</strong></span> <span class='ocrx_word' id='word_1_361' title='bbox 632 2914 735 2968; x_wconf 84' lang='grc' dir='ltr'><em>γνομόνως</em></span> <span class='ocrx_word' id='word_1_362' title='bbox 751 2919 772 2957; x_wconf 89' lang='lat'><strong>0.</strong></span> <span class='ocrx_word' id='word_1_363' title='bbox 804 2919 853 2966; x_wconf 90' lang='lat' dir='ltr'><strong>Idem</strong></span> <span class='ocrx_word' id='word_1_364' title='bbox 869 2914 951 2968; x_wconf 67' lang='grc' dir='ltr'><em>δυνηθῇ.</em></span> 
     </span>
     <span class='ocr_line' id='line_1_37' title="bbox 92 2972 1020 3032; baseline 0.001 -17"><span class='ocrx_word' id='word_1_365' title='bbox 92 2982 111 3015; x_wconf 82' lang='lat'><strong>2.</strong></span> <span class='ocrx_word' id='word_1_366' title='bbox 142 2974 253 3032; x_wconf 75' lang='grc' dir='ltr'><em>άποβλιμοὶ</em></span> <span class='ocrx_word' id='word_1_367' title='bbox 269 2980 289 3016; x_wconf 84' lang='lat' dir='ltr'><strong>G.</strong></span> <span class='ocrx_word' id='word_1_368' title='bbox 583 2981 601 3016; x_wconf 84' lang='lat'><strong>7.</strong></span> <span class='ocrx_word' id='word_1_369' title='bbox 631 2977 657 3014; x_wconf 82' lang='lat' dir='ltr'><strong>tta</strong></span> <span class='ocrx_word' id='word_1_370' title='bbox 673 2977 739 3016; x_wconf 79' lang='lat' dir='ltr'><strong>bots</strong></span> <span class='ocrx_word' id='word_1_371' title='bbox 756 2990 779 3016; x_wconf 87' lang='lat' dir='ltr'><strong>ex</strong></span> <span class='ocrx_word' id='word_1_372' title='bbox 794 2980 881 3026; x_wconf 74' lang='lat' dir='ltr'><strong>conjeci,</strong></span> <span class='ocrx_word' id='word_1_373' title='bbox 898 2972 1020 3028; x_wconf 73' lang='grc' dir='ltr'><em>προκείμενα</em></span> 
     </span>
     <span class='ocr_line' id='line_1_38' title="bbox 93 3032 1019 3090; baseline 0.001 -16"><span class='ocrx_word' id='word_1_374' title='bbox 93 3038 112 3073; x_wconf 84' lang='grc'><strong>3.</strong></span> <span class='ocrx_word' id='word_1_375' title='bbox 142 3032 153 3088; x_wconf 75' lang='grc' dir='ltr'>ἢ</span> <span class='ocrx_word' id='word_1_376' title='bbox 169 3049 204 3075; x_wconf 80' lang='lat' dir='ltr'><strong>oni.</strong></span> <span class='ocrx_word' id='word_1_377' title='bbox 216 3038 242 3087; x_wconf 90' lang='lat'><strong>0,</strong></span> <span class='ocrx_word' id='word_1_378' title='bbox 260 3037 289 3087; x_wconf 89' lang='lat' dir='ltr'><strong>qui</strong></span> <span class='ocrx_word' id='word_1_379' title='bbox 305 3037 372 3076; x_wconf 90' lang='lat' dir='ltr'><strong>deinde</strong></span> <span class='ocrx_word' id='word_1_380' title='bbox 388 3036 475 3090; x_wconf 76' lang='grc' dir='ltr'><em>(φρονῶν,</em></span> <span class='ocrx_word' id='word_1_381' title='bbox 554 3036 572 3074; x_wconf 79' lang='lat' dir='ltr'><strong>O.</strong></span> <span class='ocrx_word' id='word_1_382' title='bbox 603 3036 647 3073; x_wconf 89' lang='lat' dir='ltr'><strong>Post</strong></span> <span class='ocrx_word' id='word_1_383' title='bbox 654 3035 719 3082; x_wconf 69' lang='grc' dir='ltr'><strong>πῶςὸ</strong></span> <span class='ocrx_word' id='word_1_384' title='bbox 730 3038 828 3076; x_wconf 85' lang='lat' dir='ltr'><strong>crediderit</strong></span> <span class='ocrx_word' id='word_1_385' title='bbox 839 3035 906 3083; x_wconf 81' lang='lat' dir='ltr'><strong>aliquid</strong></span> <span class='ocrx_word' id='word_1_386' title='bbox 921 3035 1019 3087; x_wconf 81' lang='lat' dir='ltr'><strong>excidisse,</strong></span> 
     </span>
     <span class='ocr_line' id='line_1_39' title="bbox 92 3089 735 3152; baseline 0 -18"><span class='ocrx_word' id='word_1_387' title='bbox 92 3097 110 3134; x_wconf 79' lang='grc'><strong>4,</strong></span> <span class='ocrx_word' id='word_1_388' title='bbox 140 3091 224 3149; x_wconf 72' lang='grc' dir='ltr'><em>ῥήμασιν</em></span> <span class='ocrx_word' id='word_1_389' title='bbox 239 3098 259 3135; x_wconf 86' lang='lat' dir='ltr'><strong>G.</strong></span> <span class='ocrx_word' id='word_1_390' title='bbox 274 3093 312 3136; x_wconf 84' lang='grc' dir='ltr'><strong>ὑπό</strong></span> <span class='ocrx_word' id='word_1_391' title='bbox 329 3109 365 3136; x_wconf 88' lang='grc' dir='ltr'><em>σον</em></span> <span class='ocrx_word' id='word_1_392' title='bbox 381 3098 470 3152; x_wconf 75' lang='grc' dir='ltr'><em>ῥηθεῖσιν</em></span> <span class='ocrx_word' id='word_1_393' title='bbox 482 3095 528 3134; x_wconf 82' lang='lat' dir='ltr'><strong>scri·</strong></span> <span class='ocrx_word' id='word_1_394' title='bbox 553 3096 602 3133; x_wconf 85' lang='lat' dir='ltr'><strong>velut</strong></span> <span class='ocrx_word' id='word_1_395' title='bbox 617 3089 649 3135; x_wconf 81' lang='grc' dir='ltr'><em>ἵνα</em></span> <span class='ocrx_word' id='word_1_396' title='bbox 666 3093 735 3146; x_wconf 70' lang='grc' dir='ltr'><em>μάθω.</em></span> 
     </span>
    </p>

    <p class='ocr_par' dir='ltr' id='par_1_11' title="bbox 62 3150 726 3270">
     <span class='ocr_line' id='line_1_40' title="bbox 62 3150 726 3195; baseline 0.009 -6"><span class='ocrx_word' id='word_1_397' title='bbox 62 3152 140 3190; x_wconf 84' lang='lat' dir='ltr'><strong>bendum</strong></span> <span class='ocrx_word' id='word_1_398' title='bbox 156 3161 221 3193; x_wconf 82' lang='lat' dir='ltr'><strong>censet</strong></span> <span class='ocrx_word' id='word_1_399' title='bbox 235 3158 256 3194; x_wconf 81' lang='lat' dir='ltr'><strong>tt.</strong></span> <span class='ocrx_word' id='word_1_400' title='bbox 511 3178 512 3181; x_wconf 64' lang='lat'><em>=</em></span> <span class='ocrx_word' id='word_1_401' title='bbox 582 3155 601 3192; x_wconf 83' lang='grc'><strong>8.</strong></span> <span class='ocrx_word' id='word_1_402' title='bbox 632 3150 689 3194; x_wconf 76' lang='grc' dir='ltr'><em>ἕνεκα</em></span> <span class='ocrx_word' id='word_1_403' title='bbox 704 3154 726 3195; x_wconf 87' lang='grc'><strong>0.</strong></span> 
     </span>
     <span class='ocr_line' id='line_1_41' title="bbox 92 3212 318 3270; baseline 0.018 -21"><span class='ocrx_word' id='word_1_404' title='bbox 92 3214 110 3249; x_wconf 82' lang='grc'><strong>5.</strong></span> <span class='ocrx_word' id='word_1_405' title='bbox 141 3212 282 3270; x_wconf 75' lang='grc' dir='ltr'><em>ῥηθησομένων</em></span> <span class='ocrx_word' id='word_1_406' title='bbox 297 3214 318 3253; x_wconf 86' lang='grc'><strong>0.</strong></span> 
     </span>
    </p>
   </div>
   <div class='ocr_carea' id='block_1_7' title="bbox 0 0 1142 3612">
    <p class='ocr_par' dir='ltr' id='par_1_12' title="bbox 0 0 1142 3612">
     <span class='ocr_line' id='line_1_42' title="bbox 0 0 1142 3612; baseline 0 5"><span class='ocrx_word' id='word_1_407' title='bbox 0 0 1142 3612; x_wconf 95' lang='lat' dir='ltr'><strong> </strong></span> 
     </span>
    </p>
   </div>
  </div>
 </body>
</html>
