2276 3612
549 222 589 268 153
914 221 936 269 r,
952 222 1044 259 ar-ao.

55 386 57 390 ,
88 344 150 394 δαῖος
165 344 200 388 καί
217 347 248 395 εἰς
263 341 305 402 νην
320 343 443 441 θρησιειαν
458 339 593 400 μεταγαγών
608 337 713 386 desuetos
729 348 860 397 σωφρονεῖν,
875 354 912 381 και
907 329 1044 379 'edovardo

39 416 40 423 ’
87 418 132 460 ἐστι
148 414 190 464 νου
205 415 286 460 λοιπον
302 409 394 469 αδκην1
409 416 441 462 εἰς
456 412 575 456 κοινωνίαν
590 415 665 466 ειερου
679 427 740 460 τινος
756 408 889 460 συνελθεῖν,
908 421 944 449 οτι
955 402 987 447 οἱ
996 418 1045 445 ‘tvt-

14 536 16 540 ·
50 539 52 543 γ
87 484 150 528 οὗτοι
166 478 206 528 υόυ
222 482 322 535 Θεόνως
338 477 562 539 πανκεπὸπυηνυωυ
577 476 678 537 πράξεων
694 481 836 537 προθεμενοι
852 474 939 537 σφόδρα
956 478 1045 531 σωφρο-

86 562 133 605 νεῖν
148 555 327 613 ἐγκαρτεροδοιν,
341 549 369 600 νίς
385 552 466 596 λαθεῖν
481 568 514 622 μη
508 547 661 632 δυνοίμενοι

143 624 228 668 XXVIII.
261 618 368 669 Ταυεα
355 637 453 670 ακονσας
468 624 525 678 εφην
540 638 569 664 κω
584 617 713 664 ’·Α’ππιωνι
734 621 776 664 νῦν
792 640 825 667 σοι
846 638 873 665 w
868 614 967 676 εἷληθη
984 611 1041 671 ὁμο·
1048 628 1057 659 5

86 692 178 752 λογηοω.
217 689 258 754 εἠδ
272 689 378 751 γυναικὸς
399 687 440 736 ov'n
455 688 562 747 η’ροίσθην
586 688 638 736 οὐδὲ
661 687 730 735 ἄλλον
752 687 826 743 ιινδς,
849 687 912 735 πάνυ
934 704 982 747 μου
1003 686 1044 742 της

85 766 158 825 ψυχης
173 762 361 821 δεδαπανημένης
376 759 516 820 πρδςδίίίας
530 761 657 817 ἐπιθυμίας
672 760 707 803 καί
723 757 778 818 πρδς
794 759 904 818 οίίηθοίνῖ
921 754 1042 819 δογμάτων

86 834 180 890 εὕρεσιν.
210 835 246 879 καί
261 834 326 892 μέχρι
342 833 382 877 κου
397 835 441 877 νυν
457 829 543 880 πολλαὶς
558 829 652 889 ννοίμας
670 826 798 888 φιλοσόφων
816 831 969 889 διασκοπησας
985 826 1042 885 πρὸς

85 900 168 949 ου’δίνα
185 899 262 948 doccia
278 906 370 956 ἔνευσα,
385 924 400 961 η
416 923 472 962 προς
488 920 513 949 κο
528 899 646 949 Ἰουδαιων
661 900 751 959 μίνον,
772 899 873 959 ἕμπορου
888 900 950 952 τινὸς
966 900 1041 946 αδιων

85 968 172 1022 vedana
185 971 355 1051 πιπροίοκονκος
377 975 481 1018 ἒνναυθα
501 991 529 1032 νη
550 969 630 1056 Ριίιιη
653 971 856 1029 ἐπιδεδημηκότας,
878 972 915 1016 καί
937 976 961 1017 ὲκ
979 981 1068 1020 νινοςιο

37 1053 38 1106 J
85 1043 206 1102 ουνιυχίας
221 1037 312 1097 οἷναθης
326 1038 483 1099 απίουσοερον
495 1062 536 1124 μοι
553 1039 578 1088 κδ
594 1039 735 1101 μοναρχικὸν
745 1037 851 1100 φρόνημα
867 1043 991 1099 mcpcdcp'
973 1060 1042 1087 κενου.

141 1112 211 1155 ΧΧΙΧ.
240 1107 353 1162 Ἀκοιίσας
369 1114 460 1171 δέμον
475 1132 514 1173 κης
537 1109 679 1171 οίληθείας
670 1131 680 1157 ο
696 1108 848 1170 ’Aonium‘
836 1130 847 1156 o
867 1108 954 1196 uiopmg
969 1113 1042 1169 μισῶν

38 1191 40 1223 i
83 1180 110 1233 ἰδ
125 1180 253 1236 ’Ῑουδαιων,
267 1184 303 1227 καί
320 1185 342 1229 οἱ
358 1202 413 1230 πονε
429 1190 490 1231 ἐστιν
506 1202 582 1230 αυτων
598 1180 623 1228 ad
639 1201 723 1229 πισνον
742 1181 794 1228 odae
810 1180 872 1233 εἰδιίς
887 1201 943 1228 ovea
958 1182 1042 1228 ειδέναι

85 1250 200 1306 θέλοι’ν,
187 1254 279 1323 ακρίιως
294 1248 407 1312 ορνιοθείς
416 1256 445 1313 νη
457 1257 529 1312 οιωπη
544 1259 565 1306 ἐξ
575 1249 645 1311 αυκης
659 1252 739 1337 η’δη
712 1272 751 1313 νης
765 1250 858 1311 Ῥώμης
870 1251 1041 1312 οίπηίλοίοοεκο

85 1326 120 1369 καί
136 1328 211 1368 ἑκκοκε
225 1340 270 1368 νυν
285 1341 374 1379 πρωκον
390 1321 451 1383 cairo]
468 1321 648 1404 συνκεκυχηκοίς
648 1320 688 1369 adu
703 1328 749 1378 ἐξ’
739 1326 826 1371 εκείνου
841 1325 883 1369 νοῦ
897 1322 979 1385 χρόνον
994 1330 1041 1369 θυ-
1047 1332 1067 1366 15

84 1392 150 1491 ,uda5
146 1410 269 1439 υποπκευω
285 1388 381 1443 εἰκονως.
411 1392 497 1451 πλην
487 1411 514 1450 εφ
536 1390 603 1450 υμοίν
619 1389 693 1438 adacei
709 1394 838 1450 πεύσομαι,
858 1396 881 1439 εί
901 1411 930 1438 αν
945 1397 990 1454 ε”χοι
1005 1394 1042 1439 ίέ-
1109 1393 1110 1396 “

83 1463 150 1523 γειυ5
171 1464 221 1519 περι
236 1481 281 1508 οων
296 1465 423 1519 λεγομενων
441 1465 513 1517 θεων,
531 1465 562 1507 ὡν
578 1467 598 1509 οἱ
613 1466 660 1521 βιοι
680 1469 842 1515 πανιοπαθεῖς
862 1465 921 1509 εἶναι
936 1465 1042 1519 μυθολο-

83 1533 146 1594 ηοιίμ
140 1553 207 1585 ιενοι,
223 1551 278 1590 προς
286 1551 329 1590 νην
344 1536 385 1581 τοι]
394 1534 476 1591 ὁμοίου
484 1536 584 1592 μίμησιν
595 1533 699 1592 ὲπικηδες
714 1531 808 1579 δίδονιαι
820 1536 857 1591 δηι
860 1552 926 1592 ιοοια,
941 1534 972 1577 ὠν
985 1531 1042 1619 πρὸς

34 1596 40 1659 {³
84 1616 130 1658 κοῖς
145 1600 301 1661 ἀνθρωπίνοις
318 1601 431 1655 ποίθεσιν,
446 1622 475 1653 ως
490 1607 555 1666 ἐφην,
569 1605 604 1649 καί
622 1609 643 1649 οἱ
658 1600 715 1649 κακοί
732 1601 805 1649 κόπον
820 1604 948 1650 δείκνυνκαι
965 1602 1041 1661 caimos

34 1660 36 1673 ι
139 1675 201 1720 XXX.
235 1675 313 1718 Ταδκα
330 1677 351 1717 οἱ
365 1680 435 1731 ε”οεροι
451 1673 634 1730 προακούσαντες
649 1674 706 1728 epioe
724 1675 760 1719 καί
776 1678 864 1730 μαθεῖν
883 1669 911 1717 κοί
934 1675 983 1729 ἑξης
1000 1687 1065 1722 azo-20

35 1803 40 1852 ἒ
83 1817 169 1872 cultum,
182 1817 204 1857 iu
220 1815 312 1858 castitate
327 1814 405 1871 degere
420 1814 531 1874 persuasit,
548 1818 568 1854 et
583 1812 682 1866 deinceps
697 1814 822 1868 impossibile
839 1819 871 1856 est
885 1819 908 1856 ut
923 1827 947 1856 ea
964 1815 984 1856 in
1001 1828 1040 1858 cu-

38 1877 40 1880 *
80 1889 176 1942 jusquam
190 1886 309 1939 ournptexus
325 1887 404 1941 veniat,
420 1886 466 1939 quia
481 1886 520 1939 isti,
536 1885 601 1926 Deum
612 1890 715 1938 tamquam
729 1887 818 1927 omnium
833 1898 918 1940 operum
930 1887 1040 1941 inspecto-

38 2011 40 2014 ,
82 1971 126 2000 rem
142 1957 179 1999 sibi
193 1960 340 2010 proponentes,
355 1956 471 2010 pudicitiam
481 1955 589 1997 admodum
603 1956 698 2010 retinent,
714 1956 770 1998 velut
779 1958 814 2011 qui
826 1969 868 1999 non
879 1958 1039 2011 possintlatere.

35 2072 40 2088 i
139 2026 224 2069 XXVIII.
254 2027 311 2075 erae
332 2038 378 2066 eum
394 2025 527 2080 audivissem,
554 2025 595 2066 dixi
616 2024 717 2079 Appiani:
735 2027 777 2081 Jam
801 2028 836 2069 tibi
856 2040 928 2070 verum
950 2028 1038 2072 fatebor.

8 2108 9 2111 ’
82 2100 127 2153 Ego
142 2098 248 2139 mulierem
263 2109 305 2139 non
321 2097 387 2138 amavi
401 2109 470 2150 neque
486 2096 533 2150 quid
549 2096 674 2152 lurJ'usmodi,
695 2097 774 2139 animus
794 2099 870 2153 quippe
892 2111 950 2141 meus
965 2100 986 2141 in
1001 2101 1065 2142 atrata

34 2161 39 2214 ί
83 2170 164 2211 οιιιιιίιιο
180 2169 305 2210 consumitur
321 2167 431 2223 desideria,
448 2168 535 2223 scilicet,
550 2168 570 2209 in
585 2168 714 2222 reperiendis
726 2170 781 2211 veris
795 2169 931 2225 dogmatibus.
961 2172 986 2213 Et
998 2171 1038 2213 buc

33 2223 39 2288 ςῘ
82 2252 148 2295 usque
165 2240 231 2280 animo
248 2238 355 2280 actuarias
376 2237 545 2292 phitosopborum
570 2239 677 2293 opiniones
703 2239 795 2295 adjecto,
818 2240 843 2281 ad
863 2241 939 2282 martium
958 2242 1039 2284 iliorum

82 2311 186 2364 inclinavi,
201 2310 239 2351 nisi
255 2308 280 2350 ad
294 2307 420 2351 Judaeorum
435 2308 567 2364 religionem,
589 2321 634 2349 cum
649 2322 676 2350 ex
698 2309 735 2351 illis
751 2316 855 2352 urei-caron
875 2312 947 2366 aliquis
961 2312 1039 2354 linteo-

82 2393 126 2422 rum
139 2381 185 2422 heic
200 2380 284 2421 Romarm
300 2379 426 2435 advenisset,
443 2385 463 2421 et
478 2380 533 2422 bono
550 2379 638 2435 qrrodam
656 2392 705 2423 casu
720 2381 768 2423 mibi
785 2382 902 2436 simpliciter
918 2383 1039 2426 seutentiam

35 2468 39 2498 ς
83 2451 108 2493 de
123 2464 164 2493 uno
180 2451 218 2492 Dei
232 2451 346 2505 principatu
361 2451 531 2493 commendasset.
1044 2464 1064 2496 ao

139 2522 209 2564 XXIX.
239 2520 320 2575 Appion
336 2535 386 2564 voro
395 2556 400 2578 ,
416 2534 427 2563 a
443 2534 476 2563 me
491 2527 576 2576 accepta
592 2523 689 2578 veritate,
713 2523 747 2577 qui
762 2523 831 2576 legem
851 2522 979 2565 iudaeorum
998 2525 1038 2565 ini-

38 2635 39 2644 ,
83 2608 123 2649 quie
139 2593 221 2647 oderat,
240 2604 279 2632 nee
301 2604 354 2645 quae
373 2598 429 2636 essct
447 2593 527 2634 illorum
549 2593 600 2635 fides
622 2593 700 2635 sciebat
715 2598 750 2635 aut
765 2594 849 2635 volebat
870 2595 935 2651 scire,
960 2596 1038 2650 absque

80 2665 157 2719 Judioio
172 2664 236 2704 iratus
251 2661 301 2701 ctam
317 2663 384 2704 statim
399 2664 463 2705 Ruina
480 2664 582 2719 discessit,
603 2668 623 2705 et
638 2676 664 2704 ex
685 2674 710 2703 eo
727 2676 781 2704 nunc
796 2665 873 2718 pimum
888 2665 943 2706 iilum
959 2671 1037 2720 nactus,

34 2727 39 2779 J
82 2736 131 2776 iram
146 2734 243 2787 teruporis
257 2732 309 2773 iilius
324 2735 397 2776 interito
414 2747 497 2777 vercor.
534 2734 629 2777 Attamen
649 2746 719 2776 coram
739 2736 798 2777 vobis
818 2737 962 2793 interrogabo,
990 2737 1036 2791 quid

83 2805 151 2847 dicere
166 2805 242 2846 habeat
261 2803 286 2844 de
301 2803 419 2857 vulgaribus
436 2807 484 2862 diis,
507 2819 594 2861 quorum
610 2807 673 2860 vitae,
689 2818 740 2860 quas
756 2807 850 2850 omnibus
866 2808 919 2850 vitiis
935 2807 1062 2861 subJectasna

81 2877 174 2919 referunt
188 2874 278 2927 fabulae,
294 2872 359 2926 param
377 2875 402 2917 de
415 2877 514 2919 industria
529 2876 554 2917 ad
562 2877 694 2919 imitationem
707 2884 814 2933 cantantur,
831 2890 959 2933 quorumque
972 2889 1036 2930 prac-

81 2952 113 2990 ter
128 2948 227 2989 humanos
242 2943 337 2997 affectus,
353 2949 374 2985 ut
387 2946 438 3001 dixi,
455 2949 515 2989 etiam
530 2948 625 3004 sepulcra
642 2960 679 3001 per
694 2949 740 2991 loca
757 2949 897 2991 ostenduntur.

138 3016 199 3060 XXX.
228 3015 268 3058 Ista
283 3026 328 3055 curn
344 3026 355 3055 a
370 3029 403 3058 ωε
419 3018 451 3059 alii
467 3025 514 3061 aute
530 3020 663 3075 audivissent,
688 3025 708 3062 et
723 3021 872 3075 consequentia
892 3017 1037 3061 desiderarent

113 3158 130 3195 1.
160 3149 221 3205 αιίιίμ
237 3164 273 3192 om.
289 3152 309 3191 0.
599 3158 617 3193 3,
648 3151 698 3206 λεήει
715 3158 744 3206 Gi,
760 3170 795 3196 nou
812 3157 836 3205 b,
859 3161 877 3194 ut
892 3168 957 3208 parum
978 3169 1035 3198 accu-

112 3218 130 3254 2.
161 3208 211 3266 πρὸς
226 3211 265 3251 νων
280 3208 363 3265 ἀληθῶν
379 3211 398 3251 C.
568 3219 607 3255 rate
623 3214 688 3254 asserit
703 3216 722 3257 S,
