2276 3612
576 215 615 259 151
948 216 974 267 V,
990 219 1025 256 τι.
1041 218 1075 256 25.

118 326 174 378 οίλλοί
190 329 226 374 ναί
243 329 300 384 τοίς7
312 331 425 389 τραπέζας
434 324 510 375 αὐτῶν
527 328 660 388 μιμώμεθα.
690 330 702 379 ὁ
716 331 759 392 γολρ
773 327 899 389 Κρόνοςτοί
918 327 990 375 αιίτοιλ
1005 330 1072 374 τέκνα

119 400 238 454 κατέπιον,
248 403 288 448 ’ναί
304 400 364 452 Ζειίς
380 399 462 456 ὁμοίως
477 396 519 457 τὴν
534 396 608 445 αὐτου
622 404 744 461 θυγατέρα.
772 404 808 448 ναί
820 404 844 449 τί
851 403 883 447 dei
892 402 976 459 λέγειν,Ι
992 400 1073 450 Πέλοψ

118 470 210 516 πάντων
225 474 285 518 θεαῖν
301 473 392 517 ιλτῑπνον
407 470 502 527 ἐγένετο.
539 467 596 516 ὅθεν
612 472 648 516 ναί
664 472 728 529 ἡμεῖς
743 469 786 531 πρὸ
802 474 846 519 τῶν
861 471 979 530 οίθεμίτων
991 463 1072 526 γοίμων

118 539 199 597 ὅμοιον
215 540 306 586 δεῖπνον
322 551 366 589 τοῖς
381 545 443 588 θεοῖς
457 540 627 597 ἐπιτελέσωμεν.
657 540 713 586 οὕτω
727 540 768 600 γοίρ
783 539 812 589 ἄν
827 546 862 601 εἴιγ
874 539 901 588 τὸ
917 541 1011 586 τλεῖπνον
1027 541 1072 585 τῶν

116 606 196 668 γέμων
211 608 280 663 ἄξιον.
310 606 367 655 οἷλλοί
382 609 450 653 τοῦτο
464 608 504 654 oda
519 606 548 654 οίν
563 609 698 668 ολποσταίνγ2
718 629 785 665 ποτε,
804 610 832 664 οἷς
852 609 905 659 οιίιλέ
920 607 961 670 ε’γυί
976 609 1002 657 τὸ
1017 621 1087 667 μοι-ο

117 677 240 741 χήσασθαι.
270 676 326 737 πρὸς
342 674 432 729 τούτοις
448 679 471 724 δέ
485 697 526 736 μοι
542 685 621 737 ἔρωτος
637 677 664 731 οἷς
683 681 780 728 dcccmo
800 686 858 730 deor]
874 680 974 732 οἷπειλείς
996 680 1071 742 χόλον.

117 756 168 808 ἔρως
184 749 238 800 θεὸς
254 746 294 796 oda
310 753 384 803 ἔστιν,
399 748 446 798 οἷος
461 749 528 803 dones,
551 745 599 795 αλλ’
613 754 637 795 ἐν
651 753 690 808 τῆς
706 753 748 797 τοτ’
764 751 819 808 §doc
832 753 928 810 νροίσεως
946 747 1004 811 πρὸς
1020 752 1071 797 ιλια-

116 817 184 881 δοχὴν
197 822 239 866 τοι]
251 820 315 877 βίον,
329 815 385 864 cocci
400 818 512 875 πρόνοιαν
526 821 565 865 τοι]
582 821 609 866 τοί
627 820 704 867 ποίντα
720 822 892 879 ένοργήοαντος,
908 824 1070 880 συμβαίνουοα

116 891 240 946 ἐπιθυμία,
255 895 293 935 ἵνα
309 884 335 933 τὸ
349 890 397 933 παν
410 890 475 947 γένος
489 889 641 947 ,ιονμλεποίποτε
650 891 756 951 ἐπιλείπῃ
766 892 783 944 ³,
798 887 853 938 οἷλλοί
868 889 977 949 προσοίσει
987 889 1070 951 ήιίονιγς

116 965 139 1006 έν
162 963 202 1017 τῆς
225 961 265 1004 τοὺ
287 960 410 1016 μέλλοντος
436 961 543 1005 τελευταῖν
566 955 646 1009 οιίσίας
672 958 742 1006 ποίλιν
766 958 834 1013 α’ίλλος
851 962 955 1020 γένηται,
977 963 1097 1022 νομίμωλυ

117 1027 305 1088 προεαπεφυαοίςί
324 1026 399 1089 γοίμῳ,
422 1026 481 1079 ὅπως
496 1026 539 1074 rd⁵
562 1040 708 1088 γηροτροφεῖν
728 1028 768 1076 τὸν
789 1029 862 1077 αὑτοῦ
880 1031 965 1087 πατέρα
981 1031 1068 1090 γνώσῃ·

115 1098 172 1156 ὅπερ
186 1110 260 1146 ποιεῖν
274 1104 295 1145 οἱ
310 1104 332 1145 ὲα
347 1101 449 1159 μοιχείας
464 1100 581 1159 γεγονότες
592 1098 631 1148 oda
644 1099 674 1148 οἲν
689 1099 807 1154 ἐδύναντο,
824 1098 893 1158 φύσιν
910 1101 1002 1160 στοργῆς
1014 1098 1069 1159 πρὸς

116 1166 168 1221 τοιίς
183 1168 338 1228 γεννήσαντας
353 1167 393 1217 οὑν
408 1175 502 1230 ἔχοντες.

172 1242 232 1284 XXV.
262 1241 328 1296 Ἐπεί
343 1236 386 1286 οὖν
401 1240 505 1299 ιλιαδοχής
520 1246 594 1286 sacam
610 1239 664 1285 ααί6
678 1241 772 1297 γνησίας
787 1236 938 1297 έπαυξήσεως,
963 1239 991 1291 οἷς
1004 1242 1068 1299 έμιγν,

115 1309 258 1370 ἡέπιθυμία
279 1311 401 1369 συμβαίνει
424 1306 438 1366 ἦ
458 1306 561 1366 ἐρωτικαί,
580 1306 622 1371 χρὴ
640 1307 693 1361 τοιίς
710 1320 798 1368 γονεῖς,
819 1308 962 1368 σωφροσύνης
982 1327 1095 1367 mcccc-15

115 1382 237 1437 ουμένοιις,
251 1377 306 1431 τούς
321 1379 395 1425 αὐτῶν
409 1378 492 1427 παῖδας
507 1375 551 1435 πρέ
571 1382 613 1435 τῆς
628 1379 753 1436 ἐπιθυμίας
771 1377 807 1425 (λαοί
823 1382 867 1425 τῶν
883 1379 1068 1439 σωφρονιζόντων

114 1453 211 1512 βιβλίων
226 1448 388 1506 προπααλωίειν
395 1449 413 1501 ⁷,
429 1450 464 1494 καὶ
481 1459 527 1499 τοῖς
542 1451 668 1506 κρείττοσιν
684 1446 769 1499 αιίτοιίς
785 1451 914 1507 προεθίζειν
930 1451 1016 1509 λέγοις·
1034 1447 1069 1494 ὅτι

115 1523 206 1580 δευτέρα
222 1518 317 1577 cadorcii
334 1519 457 1578 συνήθεια·
478 1514 534 1577 πρὸς
551 1519 639 1569 τούτοις
662 1520 685 1564 dt
700 1522 789 1570 monade
804 1516 888 1571 οὐτοιίς
907 1517 947 1571 τοίς
967 1517 1069 1569 καλέσεις

115 1664 152 1709 scd
168 1670 188 1706 et
201 1673 283 1705 mensas
303 1660 410 1702 imitemur.
446 1659 497 1702 Nam
520 1659 620 1704 Saturnus
642 1660 719 1703 liberos
740 1672 791 1704 suos
814 1661 926 1716 absorpsit,
949 1661 1067 1715 pariterque

114 1735 206 1790 Juppitcr
222 1745 278 1777 suam
286 1732 352 1774 filiam.
382 1731 407 1773 Et
423 1731 471 1786 quid
487 1744 538 1786 opus
555 1737 586 1774 est
600 1731 685 1774 verbis?
701 1731 774 1785 Pelops
783 1733 873 1774 omnium
885 1733 971 1774 deorum
986 1732 1093 1787 epulum2c

113 1807 156 1849 fuit.
187 1804 244 1847 Unde
260 1809 280 1845 et
294 1814 333 1844 nos
349 1806 395 1843 ante
410 1801 510 1843 nefarium
525 1802 643 1857 conjugium
659 1803 744 1844 deorum
759 1815 883 1857 peragamus
899 1803 981 1857 epulum
996 1803 1067 1846 simile.

114 1877 147 1921 Sic
164 1876 217 1916 enirn
232 1874 315 1929 dignum
331 1872 392 1914 fuerit
408 1872 505 1927 conjugio
522 1871 609 1925 epulum.
640 1873 715 1914 Verum
730 1873 750 1914 id
770 1885 831 1915 nemo
852 1874 922 1916 tacere
941 1874 1066 1929 sustinuerit,

114 1953 136 1990 ut
150 1959 189 1987 nac
205 1956 244 1999 ego
261 1942 372 1985 moechari.
408 1941 440 1983 Ad
456 1941 507 1983 haec
527 1954 578 1984 vero
597 1942 645 1983 mihi
666 1943 740 1986 amoris
760 1944 816 1987 velut
831 1945 920 1999 potentis
935 1943 969 1985 dei
983 1944 1065 1987 minaris

112 2017 278 2072 indignationem.
307 2013 372 2057 Amor
387 2013 438 2057 deus
453 2027 495 2057 non
510 2020 550 2069 est,
567 2014 631 2069 qualis
647 2015 736 2068 videtur;
753 2015 789 2059 sed
805 2022 837 2059 est
849 2017 958 2071 cupiditas,
974 2027 1027 2070 quae
1040 2027 1066 2056 ex

113 2092 273 2144 temperamento
291 2085 392 2140 animalis,
408 2089 493 2139 propter
508 2086 662 2128 successionem
677 2086 741 2142 vitae,
765 2086 838 2129 accidit
856 2099 893 2141 per
909 2086 997 2129 omnium
1018 2085 1064 2139 opi-
1072 2098 1092 2130 aa

113 2161 156 2203 ficis
172 2156 330 2214 providentiam,
353 2168 379 2197 ue
399 2156 518 2198 universum
533 2168 600 2211 genus
618 2156 726 2212 aliquando
746 2157 836 2214 deficiat,
857 2157 894 2201 sed
914 2162 935 2198 ut
956 2157 1065 2200 occasione

113 2230 222 2284 voluptatis
238 2241 265 2270 ex
279 2227 372 2270 morituri
385 2226 472 2269 bominis
488 2227 600 2270 substantia
615 2228 689 2269 iterum
705 2228 755 2271 alius
770 2234 878 2283 nascatur,
902 2228 992 2283 legitimo
1013 2240 1065 2281 pro-

114 2303 187 2345 ductus
201 2299 339 2342 matrimonio:
355 2310 396 2352 quo
412 2303 490 2353 patrem
506 2311 564 2341 suurn
580 2305 704 2356 cognoscat,
729 2313 790 2355 quern
811 2300 832 2341 in
854 2303 960 2342 senectute
981 2299 1065 2341 nutriat:

114 2372 169 2428 quod
184 2371 253 2413 facere
269 2374 375 2424 nequeunt
390 2369 424 2422 qui
439 2380 465 2409 ex
481 2368 580 2410 adulterio
596 2369 659 2423 geniti
674 2375 727 2425 sunt,
743 2382 788 2412 cum
806 2369 1065 2431 naturalemnonhabeaut

114 2457 163 2500 erga
178 2444 284 2499 genitores
299 2440 469 2483 benevolentiam.
1071 2455 1091 2487 30

171 2513 230 2556 XXV.
259 2500 429 2566 Quandoquidem
444 2512 506 2566 igitur
521 2517 542 2554 et
556 2517 641 2566 propter
660 2512 770 2567 legitimum
786 2512 896 2566 progeniei
910 2512 1063 2565 incrementum,

114 2585 166 2627 sicut
181 2584 230 2639 dixi,
246 2582 321 2624 amoris
337 2583 402 2624 oritur
418 2581 526 2637 cupiditas,
546 2587 628 2635 oportet
648 2587 671 2624 ut
690 2588 797 2638 parentes,
822 2583 847 2625 de
870 2584 962 2627 castitate
981 2580 1063 2634 solliciti,

113 2656 189 2698 liberos
205 2665 265 2709 suos,
285 2658 332 2694 ante
348 2666 408 2708 quam
424 2654 492 2695 ueniat
508 2653 617 2710 cupiditas,
638 2653 731 2696 erudiant
748 2654 769 2695 in
782 2654 849 2710 libris,
864 2656 898 2709 qui
913 2655 988 2696 bonam
1002 2663 1062 2692 men-

113 2733 153 2769 tem
168 2727 291 2780 ingenerare
305 2723 398 2781 valeant,
414 2737 491 2779 eosque
505 2725 575 2780 probis
590 2724 776 2781 praeassuefaciant
791 2725 929 2769 sermonibus:
949 2725 995 2779 quia
1009 2734 1062 2764 con-

144 2898 162 2934 1.
192 2895 239 2933 Vbb.
255 2889 292 2938 τὰς
303 2894 402 2946 μοιχείας,
424 2890 526 2935 ἀλλὰκαὶ
545 2906 576 2932 rc·
629 2898 648 2932 4.
678 2894 703 2931 Ita
720 2893 734 2931 0
751 2907 766 2934 c.
782 2896 805 2944 S,
822 2888 952 2947 προεκιμνααίς
968 2892 987 2930 G.

114 2959 200 3004 petuntur
213 2954 231 2991 in
248 2953 262 2991 0
277 2958 320 3002 post
334 2948 388 2992 ἁλλοὶ
403 2951 443 2993 καί.
630 2955 648 2991 5.
678 2948 700 2991 τίν
718 2952 732 2989 0
754 2954 800 2992 etc
822 2966 844 2993 ex
863 2954 977 3000 conjectura,
1000 2945 1022 2990 τίι
1038 2947 1064 3005 μίγ

142 3018 161 3051 2.
190 3008 288 3063 ὑποσταίη
311 3012 352 3049 dedi
372 3025 394 3050 ex
416 3014 507 3061 conjeci,
528 3008 575 3051 ὑπο·
599 3012 617 3050 in
632 3016 688 3051 textu.

114 3067 185 3120 στέχῦ,
201 3067 276 3122 ὑποστῇ
288 3071 312 3120 S,
328 3070 358 3119 qui
375 3071 413 3120 legi
429 3073 466 3110 uult
481 3067 574 3123 ὑποστχς,
629 3074 647 3110 6.
679 3067 712 3111 καί
728 3072 770 3110 add.
785 3082 801 3110 c.
816 3071 838 3108 0,

113 3125 202 3168 onomat
215 3130 236 3168 0.
629 3132 647 3169 7.
678 3131 703 3168 Ita
719 3129 733 3168 Ο
750 3143 765 3171 o.
782 3130 805 3178 S,
820 3124 973 3182 νρασπαιδειίειν
989 3130 1008 3174 G,

144 3190 162 3226 3.
191 3183 217 3240 μὴ
233 3184 253 3229 δὲ
269 3185 348 3229 παίσατε
365 3185 445 3242 ἐπιλίπῃ
461 3190 482 3229 0.
