2276 3612
69 354 110 409 ζων
127 351 161 396 καλ
177 346 256 396 navata
272 353 308 398 καὶ
324 350 405 409 αἰωνίω
420 348 593 409 κολασθήσομαι
609 347 705 398 κολάσει.
741 351 777 398 καλ
799 343 859 409 pecii
881 347 949 394 κοιλιο
966 345 1034 406 ολρκοιι

70 423 106 468 καλ
123 419 222 468 ι’λλακος1
238 418 296 473 perci
313 422 354 465 σοι]
371 418 536 476 παραδιδόντος
551 423 707 481 μεκαλαβέκω.

127 492 150 534 V.
185 492 264 537 Ταιλσα
279 495 320 537 σοι]
336 487 446 547 Ἰακώβου
462 490 568 542 εἰσιόντος
581 489 693 553 ιλχριάσαν
705 488 891 553 σῖγωνισιλμενσιῖ
905 492 926 533 σι’
935 488 1034 547 κρεσβιλ-

70 580 138 619 σεροι.
169 561 264 608 occidito
280 557 321 606 οὖν
338 557 350 604 ὁ
364 557 481 618 Ἰάκωβος,
497 561 533 607 ὅτι
549 563 601 607 λιάν
614 558 766 621 πεφόβηνται,
783 560 836 619 ἔφη·
855 556 969 605 dandami
984 577 1036 616 μοι,

70 628 160 688 ιλιλεληολ
176 632 211 676 καλ
231 630 377 677 condoctore
413 629 451 675 ἐολν
471 630 514 681 acic
533 632 629 690 βίβλους
651 634 722 677 κιλσιν
741 628 769 681 ως
789 631 852 692 1ε’κιιχε
873 628 1047 690 κιαριλσχωμεν,5

69 704 104 746 καὶ
127 699 211 748 αιλκαλ4
233 699 279 748 ιλιιιλ
302 702 421 757 κολμηρων
441 701 528 758 dordonia
550 704 618 748 τινων
635 704 778 748 coniventem
798 700 812 760 ἢ
835 713 882 752 σαῖς
898 702 1034 758 [ἑρμηνείαις

69 772 244 829 ιλιασιραιμωσιν,
258 770 285 821 οἷς
300 769 343 829 ἦιλη
358 768 424 821 σινολς
439 768 551 827 κλκοιλοασσ
571 771 738 828 κσσαοιηκόκας,
760 770 822 818 Ιε’σοοιι
838 770 920 819 λσικιὸν
936 772 973 816 καὶ
990 781 1035 820 σοῖς

68 839 137 890 ὅντως
153 839 195 899 νην
208 839 322 899 citatorum
338 842 443 899 ζησοιλοιν
461 839 493 885 σλελ
510 845 653 888 ισλανιλσιλαι.
690 842 723 887 deo*
741 840 838 897 σ’λμεινον
854 839 905 901 παρ’
921 840 977 899 ἡμῖν
993 839 1035 886 αιλ-

68 906 108 960 κσλς
124 912 197 965 εἶναι,
212 914 249 957 καὶ
265 912 412 967 μεκαβιλὸναι
427 910 485 967 μεταλ
507 912 580 970 κολσης
599 915 639 970 κης
661 913 826 969 προειρημένης
845 912 967 968 α’σιμαλειάς
987 920 1034 959 σοῖς

69 982 219 1040 θέλουσι-ζῆν
234 978 350 1037 εὐσεβως5
365 984 400 1026 καλ
417 981 501 1033 ολλλονς
516 982 599 1037 σώζειν.
639 985 659 1027 εἰ
682 982 705 1026 dd
725 998 759 1029 τις
779 977 837 1038 μεταλ
857 978 883 1024 cb
899 979 968 1030 οὕτως
985 982 1057 1025 dia-ao

67 1049 233 1107 μαριιλρασθαι
250 1049 320 1101 ἄλλως
342 1050 441 1110 ποιησει,
465 1048 563 1109 εὐλόγως
584 1054 664 1111 αἰωνλρι
686 1048 834 1096 dnouement
855 1048 950 1095 κολάσει.
989 1053 1032 1096 aiat

46 1143 48 1146 ’
67 1112 109 1182 yde
125 1125 181 1182 λόγῳ
197 1123 269 1171 ιλλλων
285 1122 396 1175 ολαωλείας
413 1129 485 1177 αἴσιος
500 1125 625 1184 γενόμενος
641 1122 709 1175 αιλκὸς
725 1119 763 1168 obn
780 1117 912 1175 donicatum
932 1122 976 1166 κων
992 1116 1032 1164 οὖν

68 1195 258 1251 αρεσβοκὲρων’
248 1196 285 1240 ant
308 1213 336 1255 κη
351 1213 393 1242 σου
409 1193 519 1254 [ακολβσιι
536 1196 617 1257 γνώμη
632 1193 751 1255 ησθὲνσων
769 1194 804 1238 καὶ
819 1191 943 1237 εἰκόντων
969 1187 1031 1235 ια’λο-

66 1281 133 1320 ηηιαι
149 1260 160 1308 ὁ
177 1267 200 1309 σε
216 1262 244 1315 cic
261 1282 338 1311 nocco
362 1263 469 1322 προειλως
490 1265 595 1317 καλῶςἰ
581 1278 639 1324 ημῖν
659 1263 800 1344 κακασσησας
823 1264 957 1308 ἐκιᾛσκοαον
995 1260 1029 1304 καὶ

67 1334 140 1378 σαντα
156 1330 268 1380 εἰκόντων
285 1353 361 1381 αωσων
377 1337 509 1394 εηερθένσες
525 1338 704 1395 αροςηωξαμεθα
721 1353 750 1394 σῳ
767 1334 811 1379 κων
827 1330 884 1411 ὅλων
895 1333 962 1388 ωααρλ
972 1329 1056 1374 6κσιλ1ῐι

69 1404 156 1461 Θεῷ·
143 1396 159 1448 ω
176 1422 189 1461 η
207 1403 260 1458 ιλὸξα
277 1422 309 1454 εις
325 1402 380 1455 σοιλς
396 1408 487 1455 αἰωνας.
517 1400 548 1449 A
549 1406 623 1462 μην7

66 1551 171 1601 mortuus,
198 1550 260 1600 atque
279 1552 364 1589 aeterno
385 1548 458 1602 puniar
479 1548 586 1603 supplicio
631 1548 657 1590 Et
649 1552 723 1603 tpost
740 1546 780 1590 boo
799 1557 873 1601 panem
894 1556 918 1587 ac
937 1544 965 1588 sai
985 1557 1031 1587 cum

66 1614 166 1669 largitore
181 1622 253 1659 sumat.

123 1686 146 1727 V.
177 1686 233 1728 Haec
248 1687 327 1730 Jacobo
343 1688 424 1729 dicente
440 1687 558 1742 Presbyteri
568 1689 642 1731 timore
652 1689 802 1743 impalluerunt.
835 1687 967 1742 conspicatus
977 1700 1029 1742 ergo

66 1754 156 1798 Jacobus
173 1757 228 1811 quod
244 1758 380 1800 vehementer
395 1763 523 1812 metuerent,
540 1760 578 1800 ait:
594 1759 669 1801 Audite
685 1773 731 1816 me,
747 1759 823 1801 fratres
839 1764 860 1801 et
876 1760 978 1803 conservi.
1009 1757 1029 1801 Si
1036 1772 1055 1803 κο

65 1824 128 1868 libros
144 1827 255 1881 unicuique
271 1834 350 1870 temere
365 1828 531 1883 praebuerimus,
547 1829 617 1882 illique
632 1830 703 1872 aviris
714 1829 837 1883 quibusdam
853 1829 963 1872 audacibus
977 1842 1028 1871 cor-

65 1902 195 1949 rumpantur,
211 1903 245 1939 ant
259 1899 463 1952 interpretationibus
478 1904 635 1954 pervertantur,
657 1901 710 1942 sicut
722 1902 765 1956 jam
780 1899 880 1955 quosdam
896 1901 970 1943 fecisse
987 1913 1027 1941 au-

65 1965 140 2019 diistis,
162 1968 247 2009 restabit
266 1974 288 2009 ut
309 1969 344 2022 qui
366 1969 428 2022 plane
447 1970 555 2011 veritatem
572 1976 684 2026 quaerunt,
707 1983 789 2024 semper
808 1977 884 2015 errent.
924 1972 1026 2020 Quocirca

64 2041 166 2091 praestat,
186 2043 208 2079 ut
228 2038 274 2079 iibri
289 2039 344 2092 apud
358 2051 403 2081 nos·
414 2045 519 2094 maneant,
540 2039 688 2094 tradamusque
709 2053 746 2082 eos
767 2054 813 2082 cum
835 2043 890 2083 omni
910 2042 1026 2096 supradicta

65 2106 160 2148 cautione
174 2109 197 2150 iis
214 2110 249 2163 qui
262 2110 295 2163 pie
311 2110 383 2150 vivere
398 2109 492 2164 aliosque
508 2110 578 2152 salvos
593 2110 664 2151 facere
680 2111 770 2165 cupiunt.
805 2111 836 2153 Ac
856 2113 873 2154 si
889 2113 959 2167 aliquis
979 2118 1025 2166 post
1034 2123 1053 2154 aa

64 2175 117 2218 hanc
133 2180 304 2221 contestationem
320 2180 379 2222 aliter
395 2186 452 2237 agot,
473 2182 547 2223 merito
568 2183 589 2223 in
605 2187 712 2224 aeternum
727 2182 848 2237 supplicium
865 2184 946 2225 incidet.
983 2183 1027 2231 Qua

65 2247 118 2287 enim
133 2250 215 2291 ratione
234 2251 269 2305 qui
288 2244 374 2293 aliorum
396 2251 517 2305 perditionis
533 2265 607 2296 caussa
628 2253 714 2308 exstitit,
734 2254 778 2307 ipse
798 2266 840 2295 non
857 2254 945 2308 peribit?
976 2253 1026 2295 Cum

65 2329 116 2371 ergo
132 2319 250 2374 Presbyteri
265 2323 367 2363 sententia
383 2322 457 2364 Jacobi
472 2322 569 2365 delectati
587 2322 675 2366 fuissent
695 2329 757 2378 atque
773 2324 881 2367 dixissent:
903 2325 1027 2367 Benedictus

64 2387 89 2428 sit
104 2389 138 2441 qui
153 2394 184 2445 te,
200 2396 222 2432 ut
238 2397 359 2433 cunctorum
374 2392 492 2446 praescius,
511 2392 597 2446 pulchre
616 2393 677 2436 nobis
693 2394 798 2436 constituit
813 2395 948 2449 Episcopum:
968 2395 1026 2450 baec,

63 2457 156 2514 inquam,
172 2472 218 2502 cum
233 2462 343 2518 dixissent,
359 2468 470 2517 surgentes
486 2463 565 2516 precati
580 2475 650 2506 sumus
662 2464 807 2507 universorum
819 2465 899 2508 Patrem
915 2479 939 2508 ac
949 2467 1052 2519 Deu'm3ao

64 2528 97 2568 oui
112 2529 178 2582 gloria
193 2531 213 2572 in
229 2533 319 2575 saecula.
349 2532 422 2574 Amen.

94 2700 112 2736 1.
142 2695 254 2746 ιλιλακσςθ.
584 2713 602 2748 d.
631 2708 814 2761 ltasatwtc,
831 2705 928 2751 abacto.

93 2761 111 2795 2.
142 2754 325 2809 cynocaumatis.
568 2772 603 2806 Ἰ5.
633 2765 719 2822 εὐσεβῶς
735 2772 794 2820 adjeci
811 2784 827 2810 c.
843 2771 864 2811 0,

92 2819 111 2855 3.
142 2815 234 2869 φιλσιΟ,
272 2821 395 2873 Deinceps’'
386 2837 450 2875 εκιιχεν
466 2838 531 2877 καριι·
586 2831 604 2865 6.
634 2826 705 2880 κιαιέρι
721 2831 741 2867 G.

63 2873 174 2926 σλῶμέλῦ·
424 2917 426 2921 ,
585 2889 603 2924 7.
633 2888 676 2925 Post
692 2889 738 2926 baec
753 2889 771 2926 in
788 2887 801 2926 0
819 2887 939 2937 subscriptio:
956 2882 1023 2940 ὅρκος.
