2276 3612
519 212 561 255 283
908 212 953 260 ΧΠΙ,
968 216 986 252 3.
1003 216 1022 251 4.

61 325 240 387 ὁμολογήσωμεν.
280 330 315 373 καὶ
337 325 418 372 τούπ’1
434 322 537 376 εἰπόντες
551 327 610 382 plauci
627 327 729 387 δακρύων
745 326 887 381 ἐπεισῆλθον
909 325 936 382 up)
949 325 1028 382 μηκρί,

61 400 96 446 καὶ
111 397 255 455 κοιμωμένην
273 394 428 455 εδρδνκεςῆδη
439 397 632 450 περιπλέκεσθαιῖ
648 396 781 456 ἐβούλονκο.
813 393 858 440 ὅδὲ
874 394 960 451 Πέτρος
975 392 1028 439 ἑκώ-

63 474 114 516 λνεν
130 461 216 517 ον’ποκλς
231 465 311 513 εἰπών·
329 465 408 513 adecti
423 482 465 523 με,
481 463 615 524 προσαγάγω
629 465 691 526 δμας
707 468 850 525 παραστῆσαι
863 464 891 523 κη
900 465 978 521 μητρί,
993 462 1027 522 μή

62 556 106 587 πως
122 533 169 583 είπδ
186 540 226 594 της
241 541 325 598 πολλῇς
341 538 456 595 αἰφνιδίου
470 540 539 597 χωροῖς
560 540 592 587 εἰς
613 536 716 583 tuoruum
737 537 803 583 ἔλθοι
824 537 924 593 φρενων,
945 532 985 579 ἅτε
1001 531 1027 591 δη

62 607 192 665 κοιμωμὲνη
207 609 243 653 καὶ
260 605 285 653 κδ
302 610 395 665 πνεῦμα
412 604 460 653 ιλπδ
476 609 517 650 κού
533 605 609 654 ὕπνον
625 603 815 668 σῖπησχολημείιον
828 605 919 668 ἔχουσα.
1034 618 1044 649 t

117 678 148 721 IV.
178 677 256 735 Ὁμώς
272 681 318 725 ἐπεὶ
334 679 401 738 κόρον
416 677 480 739 ἔσχεν
495 676 582 735 ὕπνον,
607 680 748 737 διεγερθεῖσαν
770 680 798 737 τῇ
818 678 886 735 μηκρλ
909 673 1026 733 ὁΠέκρσς

62 746 141 805 ἤρξατο
158 750 207 805 περὶ
223 752 263 801 πῆς
278 754 411 809 θεοσεβείας
427 748 486 809 adop
504 750 650 807 διαλέγεσθαι
666 747 775 807 πρότερον
791 749 887 805 traynel·
907 744 1026 807 γινώσκειν

62 836 85 861 σε
100 819 170 869 θέλω,
185 818 268 875 γύναι,
282 824 321 879 κης
337 819 450 880 ἡμετέρας
467 820 588 877 θρησκείας
603 817 645 878 κηίι
662 820 787 864 πολιτείαν.
824 816 886 874 ἡμεῖς
907 825 947 863 ἕνα
965 814 1025 864 Θεὸν

62 888 169 946 σέβομεν,
186 885 226 935 cdv
242 888 382 949 πεποιηκότα
398 889 425 938 ὃν
441 886 493 949 δρᾷς
510 888 606 946 κόσμον,
621 889 657 934 καὶ
674 888 758 934 rodaco
775 884 919 945 φυλάσσομεν
935 885 975 933 τὸν
986 883 1026 933 νο-

62 975 119 1015 μον,
137 959 269 1019 περιέχοντα
286 964 310 1006 ἐν
328 960 437 1018 πρωκσις,
454 957 526 1006 αὐτὸν
541 961 618 1018 σέβειν
633 958 708 1016 μόνον
728 959 764 1002 καὶ
786 954 810 1002 κδ
828 956 899 1002 αὐτοί
923 954 1051 1014 αγιδζεινωι

62 1026 149 1085 ὄνομα,
166 1020 237 1087 κίμων
253 1048 276 1074 κε
291 1042 373 1087 γονεῖς,
388 1034 423 1078 καὶ
439 1040 575 1089 σωφρονεῖν,
589 1033 659 1089 ,δασύν
675 1047 698 1073 κε
715 1028 827 1084 σεμνωςλ.
865 1027 921 1085 πρὸς
937 1026 1025 1076 αοελκσις

63 1100 86 1144 δὲ
101 1094 245 1155 σίδιαφόρως5
259 1099 295 1158 μη
308 1104 413 1159 βιοδνκες
429 1103 541 1159 τραπέζης
556 1103 633 1146 reuda
647 1096 685 1146 oe'n
701 1095 865 1156 ολπολαύομεν,
882 1096 922 1142 diua
935 1093 960 1154 δη
973 1093 1026 1142 οὐδὲ

63 1171 225 1215 σννεσκισλσθαι
242 1171 318 1222 αδκοῖς
332 1168 467 1228 δννσίμενσι,
488 1167 523 1216 διδ
546 1166 570 1215 νδ
586 1168 721 1226 α’καθσίρκως
738 1164 825 1220 calvonis
848 1170 925 1225 βιοῦν.
965 1163 1025 1224 πλην

62 1236 149 1296 ὁπόσαν
165 1235 250 1291 αιλκοδς
266 1242 380 1298 πείσωμεν
395 1237 422 1286 κοί
438 1243 477 1298 κης
493 1241 602 1297 α’ληθείας
618 1249 709 1298 φρονεῖν
725 1257 748 1282 πε
771 1241 807 1285 καὶ
828 1248 915 1289 ποιεῖν,
936 1238 1025 1296 βαπτί-

63 1325 143 1361 σαντες
158 1308 241 1360 aduella
256 1312 406 1370 κρισμακαρίη
422 1315 466 1358 aaut
481 1312 634 1369 ἐπονομασίηι,
655 1310 706 1355 ποτε
723 1309 801 1359 αὐτοῖς
817 1306 1000 1364 σννανλιζόμεθα
1008 1305 1024 1351 ⁶.
1032 1315 1052 1350 15

62 1379 107 1423 ἐπεὶ
122 1375 167 1424 οιλδ1
181 1376 227 1425 riost
242 1380 316 1440 πακηρ
331 1381 440 1441 πογχοίνη,
456 1379 469 1437 η’
484 1379 555 1439 γωνη,
571 1377 585 1436 η’
601 1377 723 1435 cantandi
740 1379 850 1437 α’δελφὸς,
873 1376 886 1433 ἢ
903 1377 970 1426 ditos
991 1395 1025 1427 κις

62 1453 84 1493 ἐκ
100 1447 185 1504 φύσεως
200 1448 296 1508 σκσργην
312 1457 377 1511 ἔχων,
394 1455 556 1498 σννεσκιοῐσθαι
573 1451 631 1506 crispi
648 1452 737 1507 κολμσῖν
754 1447 881 1507 δννοίμεθιι.
916 1450 1025 1506 θρησκεία

62 1592 175 1647 sermonis,
191 1591 244 1634 dicta
260 1592 365 1647 pertinere
381 1593 407 1634 ad
423 1605 473 1648 nos,
493 1599 542 1635 tunc
558 1604 596 1636 nos
617 1590 773 1633 declaravimus,
807 1589 832 1631 Et
852 1595 962 1644 postquam
985 1588 1025 1630 lroo

63 1663 171 1718 dixissent,
187 1663 323 1719 lacrymantes
339 1663 364 1705 ad
380 1669 465 1706 matrem
482 1663 619 1712 accedebant,
640 1674 727 1716 eamque
745 1660 881 1703 dormientem
902 1661 956 1702 nacti
971 1672 1024 1714 pro-

62 1734 114 1775 linus
130 1733 238 1786 complecti
254 1734 355 1776 volebant.
387 1734 457 1777 Petrus
473 1747 524 1776 vero
533 1731 655 1788 prohibuit,
673 1733 755 1774 dicens:
777 1732 837 1775 sinite
857 1731 900 1787 me,
925 1730 1050 1775 adducamao

62 1815 99 1845 ros
116 1810 137 1846 et
152 1804 255 1846 exhibebo
270 1806 339 1860 matri,
355 1816 381 1846 ne
397 1805 452 1847 forte
468 1805 530 1847 multo
548 1810 568 1846 ct
583 1804 650 1848 subito
667 1802 742 1857 gaudio
758 1803 777 1843 in
795 1803 855 1844 animi
870 1809 977 1856 stuporem
991 1803 1025 1844 in-

63 1873 125 1929 cidat,
141 1880 226 1929 utpote
243 1888 295 1929 quae
311 1876 372 1917 etiam
388 1875 483 1930 dormiat,
499 1875 632 1930 spiritumque
648 1887 721 1917 somno
738 1873 813 1915 lrabeat
830 1879 959 1928 occupatum.

108 1946 149 1989 [IV.
180 1945 243 2000 Igitur
259 1946 293 1987 ubi
309 1958 403 1988 somnum
421 1947 444 1988 ad
461 1948 575 1990 satietatem
592 1947 646 2001 oepit
662 1959 685 1988 ac
701 1950 824 2000 experrecta
840 1950 872 1987 est
886 1950 963 1999 maier,
982 1945 1024 1986 Pe-

62 2023 106 2060 trus
122 2015 214 2059 adductis
229 2016 266 2058 illis
283 2017 351 2071 coepit
367 2018 386 2058 ei
404 2017 429 2059 de
445 2018 482 2059 Dei
498 2018 553 2060 cultu
569 2016 673 2060 disserere
688 2017 744 2071 prius
761 2015 840 2058 dicens:
856 2017 910 2058 scire
925 2021 946 2058 te
967 2015 1023 2069 volo,

63 2087 144 2139 mulier,
160 2086 267 2142 religionis
283 2093 367 2130 nostrae
385 2089 542 2132 observantiam.
573 2088 616 2131 Nos
632 2101 694 2131 unum
711 2087 797 2130 colimus
818 2086 896 2143 Deum,
920 2085 955 2142 qui
974 2085 1050 2128 fecitat

63 2170 123 2212 quem
139 2157 206 2199 cernis
221 2156 327 2199 mundum:
342 2158 394 2201 illius
410 2164 431 2201 et
444 2160 512 2214 legem
526 2171 640 2211 servamus,
658 2158 742 2212 quaein
758 2157 827 2211 primis
843 2159 942 2213 continet,
958 2159 1024 2213 ipsum

62 2228 128 2270 solum
154 2228 264 2270 colendum
288 2241 346 2284 csse,
376 2229 544 2272 sanctificandum
571 2241 648 2272 nomen
674 2231 730 2284 eJus,
752 2233 850 2282 parentes
882 2228 1024 2284 honorandos,

63 2299 168 2341 colendam
183 2300 349 2353 temperantiam,
366 2304 387 2341 et
402 2300 434 2354 pie
450 2300 565 2342 vivendum.
603 2299 634 2341 Ad
650 2299 702 2341 hacc
717 2310 759 2340 non
774 2299 862 2341 vivimus
877 2298 1024 2354 indifferenter,

63 2381 100 2411 neo
116 2383 127 2412 e
143 2368 250 2411 Gentilium
266 2382 336 2412 mensa
353 2371 420 2412 cibum
435 2371 543 2427 sumimus,
569 2383 637 2425 neque
653 2383 699 2412 cum
721 2371 745 2413 iis
768 2382 879 2424 possumus
906 2371 1023 2428 comedere,

63 2441 118 2493 quod
134 2441 232 2494 impuram
249 2441 308 2482 vitam
324 2446 394 2496 agunt.
431 2441 507 2483 Verum
523 2455 569 2484 oum
585 2444 614 2486 eis
629 2443 793 2497 persuascrimus
809 2441 887 2485 sentire
910 2453 934 2482 ao
954 2440 1050 2483 facerem

64 2523 86 2552 ea
102 2524 156 2567 quae
172 2510 197 2552 ad
212 2511 318 2552 veritatem
334 2517 432 2568 spectant,
449 2517 469 2554 ot
484 2513 655 2568 baptizaverimus
672 2526 709 2556 eos
724 2514 745 2554 in
756 2518 788 2556 len
803 2513 864 2555 beata
881 2511 967 2567 quadam
984 2525 1024 2554 no-

63 2582 120 2626 minis
136 2582 280 2636 invocatione,
297 2588 346 2624 tunc
362 2595 402 2625 nna
418 2596 464 2625 cum
479 2585 509 2627 eis
528 2585 636 2627 vescimur.
674 2584 772 2639 Alioquin
796 2584 857 2627 ctiam
876 2585 893 2626 si
915 2588 974 2637 paler
993 2583 1024 2637 sit,

64 2659 97 2695 aut
112 2659 186 2709 mater,
203 2658 237 2695 aut
252 2665 315 2709 uxor,
332 2660 366 2696 aut
380 2655 460 2710 proles,
477 2661 511 2697 aut
526 2656 601 2712 frater,
624 2662 658 2698 aut
679 2657 745 2711 quivis
768 2656 827 2698 alins¹
842 2654 929 2696 naturali
952 2666 1022 2695 amore

63 2737 133 2780 carus,
149 2736 249 2778 nusquam
265 2724 364 2768 audemus
380 2738 404 2767 ac
421 2737 531 2781 possumus
547 2739 592 2768 cum
608 2727 653 2781 ipso
670 2727 736 2768 cibum
760 2738 849 2768 sumcrc.
887 2725 931 2767 Hoc
948 2725 1022 2779 quippe

94 2884 111 2921 1.
141 2880 237 2920 τοῦτοῦ.
584 2889 600 2925 5,
631 2880 736 2935 διαφόρως
752 2884 797 2922 Cod.
814 2885 859 2931 Reg.
876 2886 924 2921 sol.

92 2944 111 2979 2.
141 2938 300 2991 περιπλέκεσθαι
316 2940 330 2977 0
347 2944 441 2982 mcndose.
584 2949 601 2983 6.
631 2944 657 2980 lta
673 2942 687 2980 0
704 2955 720 2981 ο,
736 2943 795 2993 Epit,
812 2937 959 2990 causalitatem
977 2941 996 2977 C.

93 3002 111 3037 3.
140 2994 214 3051 ίλρξακο
230 2995 363 3050 προσαγαγών
379 2999 440 3053 λέγειν
456 3002 478 3051 C,
500 3003 528 3040 in-
583 3005 600 3040 i.
631 3002 656 3039 lla
681 3002 727 3040 οο.
745 3003 784 3041 God
800 3003 845 3049 fleg.
863 3001 903 3037 ool
926 3003 944 3035 el
968 2999 1030 3047 uptus

63 3058 155 3097 termediis
171 3059 250 3096 omissis.
553 3057 677 3111 antapodo.
708 3061 777 3099 Deinde
793 3054 876 3110 καγχιίιη
897 3057 911 3094 O
935 3070 951 3095 c.
968 3059 1021 3107 upil,

93 3120 111 3155 4-
142 3113 204 3168 ἡδέως
228 3118 252 3166 0,
275 3127 329 3165 supra
351 3117 437 3166 σεμνῶς,
466 3132 494 3168 up-
516 3119 529 3156 G
554 3116 642 3172 τυγχάνει
659 3120 678 3158 G.
710 3118 778 3160 κε’κνον
794 3131 828 3156 om.
846 3117 866 3154 Ο.

64 3168 133 3222 ἡδέως.
164 3177 213 3214 lianc
229 3176 326 3214 lectionem
349 3179 453 3225 corruptela
475 3179 528 3216 labo-

64 3243 104 3272 rare
118 3241 168 3274 recte
184 3236 228 3274 vidit
244 3237 266 3283 S,
283 3234 312 3282 qui
327 3235 423 3283 proposuit
438 3232 505 3287 ἁγίας.
