2276 3612
94 245 116 296 x,
132 247 166 285 ar.
183 250 218 286 aa.
556 242 597 286 226

95 364 168 416 ἐστιν,
184 362 310 418 κατέφυγον
326 359 361 404 ἐπὶ
377 356 403 404 τὸ
419 354 533 416 άόρατον,
548 357 576 410 οἷς
590 357 624 406 ἐπ’
641 357 714 420 άιλάλῳ
730 360 773 405 τινλ
789 358 924 417 ἐλεγχθῆναι
940 357 972 416 μὴ
990 357 1062 405 dood-

96 449 171 487 μενοι.
202 428 261 487 πλήν
277 430 473 486 σννυμολογουσιν
488 425 546 487 μ’μῑν
563 434 584 475 oi
593 433 693 478 coronant
702 429 738 474 ἐπὶ
747 429 841 486 μέρους,
855 424 890 472 ὅτι
900 424 925 472 τά
934 424 1009 485 ἣμισυ
1017 430 1062 475 τάν

97 500 151 559 παρ’
167 499 242 551 αὐτοῖς
258 497 388 556 ἱιλρυμάτιιιν
404 494 461 549 Θεὸς
478 499 521 546 οὐκ
537 504 612 555 ἔστιν,
635 499 683 547 ἀλλ’
698 496 840 554 άναίσθυτος
855 496 904 556 άλη.
940 494 1023 543 λοιπὸν
1040 500 1062 546 db

99 571 255 628 περιλεὲπεται
270 569 338 622 (λεῖξαι
355 566 441 619 αὐτούς
451 569 467 624 ¹,
482 573 530 621 παις
546 569 688 629 πιστεύομεν
704 567 738 615 ὅτι
754 573 872 629 θεῖονὲχει
882 570 985 624 accone.
1015 562 1063 614 ἁλλ’

73 639 220 692 scortumst
235 634 292 696 ἡμῖν
307 635 336 684 οὗ
350 634 462 685 dicantar
477 638 514 686 ὅτι
528 643 604 696 ἐστίν,
620 643 667 687 ἐπεὶ
682 639 716 698 μά
732 645 799 686 ἐστιν.
838 640 875 684 καὶ
898 634 974 687 αὐτοῖς
994 642 1063 693 ἑωρα-

97 710 160 755 κέναι
176 705 202 754 σά
218 708 366 766 πιστεύομεν.
396 706 463 767 ἡμεῖς
479 707 557 762 αὐτοῖς
572 709 607 757 ὅτι
623 717 690 773 κλεῖον
705 707 746 755 ουίι
761 715 804 771 ἔχει
821 709 933 767 πνεύμα5
948 707 989 757 τάς
1004 702 1063 752 cino-

98 779 175 832 (λείξεις
191 779 331 836 παρέξομεν,
355 780 416 830 ὅπως
439 783 482 826 τοῦ
502 783 576 828 deusto
597 778 656 827 αὐτά
673 787 770 839 ε”μπνοα
790 782 848 827 εἶναι
873 785 894 826 οἱ
910 775 1063 839 φιλαλάθεῑςλ

98 846 139 894 τὸν
155 851 246 909 steppo
261 847 405 901 ἅνθῦσανῑθς
420 852 460 909 τῆς
476 850 601 902 λυοσάλενς
617 849 748 902 υἰιονοιάς5
763 846 950 906 άποτραπώνται.

157 920 217 962 XXII.
253 916 285 964 Τὸ
300 923 344 977 μὲν
361 916 387 978 τλά
404 925 507 979 πρῶτον,
530 926 550 967 εἰ
565 918 593 972 oie
613 926 705 979 ἔμπνοα
721 921 776 969 ὄντα
793 923 891 980 σέβεσθε
911 916 986 972 αὐτά,
1007 920 1044 964 καὶ

73 991 196 1037 rectoriae
210 988 309 1049 άρχαίων
324 988 412 1049 τάφους
427 1002 585 1049 προσκυνεῖτε,
600 994 645 1037 τάν
660 991 848 1050 ὁμολογουμέναις
864 989 948 1037 oddto⁷
969 990 1062 1045 πνεάμα

99 1068 164 1106 κλεῖον
180 1056 313 1120 ἐσχηκότων.
344 1060 414 1113 οὕτως
430 1060 481 1107 ονίλὲ·
497 1061 554 1108 κατά
571 1064 639 1107 τουτο
655 1058 789 1119 άλνθεάετε.
820 1060 880 1121 πλὴν
897 1065 918 1107 εἰ
937 1058 1006 1110 ὄντας
1021 1064 1062 1116 ἔμ-

100 1147 162 1177 πνοα
177 1125 207 1188 ἦν
222 1127 250 1175 τά
268 1130 403 1188 σεβάσματα
419 1129 498 1189 άμάν,
524 1128 563 1190 αἷμ’
583 1135 671 1178 caroccio
686 1129 716 1179 άν
731 1136 838 1185 ἐκινεῖτο,
860 1129 938 1189 φωνάν
954 1128 983 1177 άν
998 1130 1063 1191 εἶχεν,

99 1196 142 1259 τήν
163 1195 198 1244 ἐπ’
214 1201 291 1250 αὐτοῖς
311 1198 411 1262 άράχνυν
434 1199 565 1256 άπεσειέτο,
587 1200 642 1255 τὀάς
667 1202 745 1254 αὐτοῖς
766 1203 931 1261 ἐπιβουλεύσει
953 1201 1064 1250 θέλοντας

99 1271 134 1315 καλ
148 1270 289 1320 κλέπτοντας
303 1269 430 1316 cinam-betto
446 1269 484 1324 άν,
500 1269 554 1322 code
565 1268 594 1318 τά
610 1267 755 1332 άναθάματα
772 1270 936 1321 άποσυλώντας
950 1268 1064 1327 συνελάμ-

74 1343 173 1398 15βανεν
187 1336 217 1385 άν
232 1340 319 1399 ῥςκλιίος.
349 1341 392 1386 νυν
408 1341 431 1386 db
445 1338 533 1388 cotiano
549 1340 618 1389 ου’τλὲν
633 1345 747 1397 ποιουσιν,
763 1339 827 1389 άλλ’8
843 1341 872 1394 dg
886 1338 1011 1395 κατάτλικοι,
1025 1340 1063 1385 καὶ

99 1409 201 1467 μάλιστα
218 1415 239 1455 οἱ
255 1405 385 1468 τιμιώτεροι
401 1409 488 1464 adedo,
504 1415 671 1471 φρουρουνται,
693 1409 722 1462 τάς
738 1414 773 1458 καλ
788 1411 830 1470 τὴν
846 1411 920 1473 άρχιὶν
934 1409 1063 1470 εἰρήκαμεν.

99 1480 122 1524 τί
137 1480 160 1525 db
176 1475 204 1526 ου’
220 1479 304 1538 φόρους
319 1482 355 1526 καλ
370 1481 423 1538 τέλη
438 1478 498 1539 άπερ
515 1480 593 1527 ου’τιάν
610 1482 749 1529 άπαιτουοιν
774 1480 836 1540 ὑμεῖς
859 1487 881 1529 οἱ
895 1480 1016 1534 δυνάσται,
1035 1479 1064 1534 dg

100 1549 174 1596 πολλοὶ
188 1552 371 1607 καρπιζομένους
385 1552 430 1596 τάν
444 1555 495 1604 ἐκεῐς
518 1553 541 1596 τί
564 1554 588 1597 db
604 1548 631 1597 οιλ
646 1552 756 1603 πολλάκις
779 1549 975 1610 άπάπολεμιόιν9
1001 1552 1064 1609 (λιαρ-

1054 917 1063 945 6

103 1692 159 1748 qnia,
177 1692 232 1747 quod
249 1697 344 1747 apparet,
360 1694 454 1735 convinci
469 1692 529 1736 facite
545 1699 625 1749 potest,
642 1692 697 1748 quod
713 1693 762 1735 nihil
776 1693 810 1749 sit,
827 1693 886 1735 adid
904 1693 959 1748 quod
975 1706 1017 1736 non
1030 1694 1063 1735 vi·

76 1764 162 1806 addetur
178 1764 309 1821 confugiunt,
326 1765 385 1819 quasi
399 1767 420 1807 in
434 1779 458 1807 re
473 1766 553 1807 incerta
569 1771 674 1820 nequeant
690 1764 797 1806 confutari.
827 1764 939 1806 Nobiscum
956 1770 1024 1806 tamen
1038 1776 1064 1806 ex

101 1841 159 1890 parte
174 1835 207 1879 isti
222 1835 356 1891 confitentur,
373 1836 429 1891 quod
444 1837 548 1879 dimidium
564 1837 721 1892 simulacrorum
736 1847 821 1879 suorum
837 1835 894 1878 Deus
909 1847 951 1876 non
968 1835 1003 1891 sit,
1027 1833 1064 1876 sed

51 1957 53 1960 v
101 1918 164 1949 sensu
180 1919 254 1949 carens
270 1908 362 1949 materia.
392 1907 492 1961 Superest
505 1909 579 1965 igitur,
594 1913 618 1950 ut
632 1908 730 1963 probent,
752 1919 793 1961 qua
807 1907 889 1948 ratione
914 1906 1023 1948 credamus
1043 1906 1064 1946 in
1132 1954 1137 1964 „

100 1977 138 2020 illis
153 1979 233 2023 versari
250 1978 340 2021 divinum
355 1978 452 2033 spiritum.
483 1979 559 2021 Verum
575 1979 595 2020 id
611 1979 637 2020 ita
654 1991 700 2021 esse
716 1979 776 2021 nobis
791 1982 898 2032 nequeunt
914 1976 1064 2042 demonstrare,

101 2049 207 2102 quianon
223 2054 260 2091 est.
290 2049 316 2091 Et
330 2049 379 2102 ipsis
394 2049 514 2104 apparuisse
530 2061 571 2091 non
589 2049 699 2091 credimus.
728 2048 771 2091 Nos
787 2048 837 2103 illis,
854 2062 878 2090 ea
895 2049 984 2090 divinum
1001 2048 1063 2101 spiri-

77 2123 143 2161 κεῖται
159 2132 202 2162 non
217 2119 308 2176 babere,
324 2132 362 2174 per
376 2125 497 2175 argumenta
511 2119 654 2174 probabimus,
669 2125 692 2161 ut
706 2119 797 2161 veritatis
813 2119 911 2175 studiosi,
928 2119 996 2160 audita
1010 2123 1064 2167 con-

101 2189 203 2232 futatione
220 2190 322 2244 opinionis
338 2202 363 2231 ea
379 2190 450 2244 spiritu
464 2189 556 2244 praedita
573 2188 702 2244 affirmantis,
718 2201 729 2230 a
745 2189 828 2231 rabioso
845 2201 918 2231 errore
933 2201 956 2231 se
966 2194 1064 2232 avertant.

159 2260 221 2303 ΧΧΙΙ.
252 2260 318 2302 Primo
335 2260 416 2315 quidem
432 2262 449 2303 si
465 2273 489 2301 ea
505 2260 562 2302 velut
578 2260 669 2313 spiritum
685 2259 781 2302 habentia
796 2259 868 2315 colitis,
888 2260 948 2301 etiem
964 2261 1062 2315 antiquo*

101 2344 147 2374 rum
162 2331 267 2373 hominum
283 2331 378 2386 sepulcra
394 2331 497 2387 adoratis,
523 2342 576 2385 quos
596 2331 616 2372 r'n
635 2330 733 2373 confesso
755 2336 786 2374 est
801 2330 891 2372 divinum
907 2343 949 2372 non
967 2331 1064 2374 habuisse

48 2451 50 2455 ¹
102 2403 200 2458 spiritum.
236 2401 265 2444 Ita
281 2415 350 2457 neque
365 2404 385 2444 in
401 2403 441 2446 boc
462 2415 512 2444 vera
527 2402 641 2456 loquimini.
678 2402 743 2444 Porro
762 2403 779 2445 si
800 2415 850 2444 vere
873 2403 975 2456 spirarent
996 2409 1064 2445 vestra

77 2474 195 2529 anirumina,
210 2486 248 2527 per
262 2487 286 2516 se
301 2479 443 2529 moverentur,
458 2486 532 2516 vocem
549 2474 674 2527 emitterent,
698 2484 784 2514 araneas
805 2473 919 2518 insidentes
938 2475 1064 2530 ablegarent,

100 2544 233 2588 insidiatores
249 2557 298 2587 suos
315 2550 335 2586 et
350 2545 406 2588 fures
424 2545 543 2598 abigerent,
559 2534 694 2585 donariorum
710 2542 826 2597 praedones
846 2544 906 2587 tacite
926 2545 1065 2599 comprehen-

101 2616 182 2658 derent.
213 2614 258 2656 Jam
273 2627 323 2657 vero
340 2615 388 2657 nibil
405 2615 479 2657 horum
500 2615 578 2656 faciunt
601 2613 636 2669 dii,
661 2613 697 2656 sed
719 2613 782 2675 instar
804 2627 888 2657 reorunr
915 2605 1065 2672 custodiuntur,

100 2685 225 2742 praesertim
241 2687 275 2740 qui
290 2691 336 2729 sunt
345 2688 404 2741 pretii
417 2687 506 2742 majoris,
523 2684 694 2740 quemadmodum
704 2685 802 2739 principio
814 2686 908 2730 diximus.
940 2688 991 2737 Quid
1005 2690 1064 2744 enim,

102 2769 174 2799 nonne
188 2756 291 2812 principes
307 2769 319 2799 a
334 2757 392 2801 vobis
408 2758 483 2800 tributa
501 2761 520 2799 et
535 2744 643 2811 vectigalia
659 2767 697 2809 pro
713 2756 737 2798 iis
753 2758 842 2815 exigunt,
857 2759 913 2814 qnod
923 2761 1006 2802 multum
1017 2760 1064 2802 inde

133 2949 151 2985 1.
181 2942 251 2990 adacte
268 2945 289 2983 O.
628 2948 646 2982 b.
676 2944 720 2993 teg.
735 2941 756 2983 τί
771 2940 804 2986 καὶ
819 2950 863 2996 (cur
879 2947 949 2995 etiam)¹
966 2949 984 2987 S.
1016 2948 1064 2989 Sub-

131 3010 151 3044 2.
181 3001 288 3051 ἐπεαλεῑξαι
304 3003 325 3041 0.
596 3002 639 3041 inde
655 2999 769 3055 ἀνθρώπων
784 3018 803 3055 p.
819 3002 905 3045 αἰωνίων
922 3009 970 3056 oonj.
987 3008 1006 3047 C.

133 3067 152 3104 3.
181 3063 258 3116 πνεῦμα
274 3060 364 3111 adscripsi
380 3073 402 3100 er
418 3062 439 3100 0.
627 3065 645 3101 7.
676 3058 839 3117 ‹iprobopccneboac
856 3061 883 3110 ὡς
900 3062 946 3106 οὐδὲ
962 3068 981 3105 G.

132 3125 151 3160 4.
182 3123 303 3174 φιλαληθεῑς
319 3121 339 3159 C.
626 3122 645 3158 8.
675 3117 728 3160 ἀλλά
745 3124 766 3162 0.

133 3184 151 3217 5.
181 3178 280 3227 άκονοαίς
295 3182 344 3229 conj.
367 3180 388 3219 Ι),
419 3176 500 3219 Subinde
521 3175 570 3220 άαο-
626 3182 645 3219 9.
673 3180 698 3219 lta
714 3182 727 3220 G
742 3182 759 3222 in
775 3195 843 3233 marg,
866 3181 959 3236 πολέμων
974 3183 991 3222 in
1007 3189 1064 3233 textu,

102 3234 213 3292 τράκονται
229 3242 249 3280 0.
595 3241 615 3275 nt
631 3238 651 3276 0.
