2276 3612
121 212 143 262 n,
158 215 252 256 are-rs.
591 209 620 258 74

122 327 159 373 καί
175 327 300 387 πνεύματα
316 324 430 382 ιλιατοίξας,
446 325 462 373 ἆ
473 326 498 374 τί
515 328 622 391 περιέχον
637 330 701 388 σῶμα
717 331 741 388 ἒν
753 325 838 387 οἷπείρηι
853 325 947 387 πελοίγει
968 319 1084 381 πνεύματα

121 399 225 457 βουλῆς1
240 396 434 457 ἀσφαλισάμενος

181 471 247 514 XLVI.
279 464 379 518 οὗτος“
366 469 432 526 ημῶν
447 467 564 527 δικαστης,
586 472 618 520 εἰς
638 466 666 515 ὃν
681 463 860 549 οίποβλὲποντας
880 463 922 525 χρη
940 463 982 515 soie
996 463 1083 510 ἑαυτῶν

122 542 255 598 κατορθοαν
270 537 351 620 meppie,
366 539 444 584 σαντα
458 537 533 597 ὑπὲρ2
549 536 620 585 αὐτοῦ
635 539 755 589 νοοῦντας
772 530 1026 594 αντόνειίφημούντας,
1041 553 1083 580 πε-

96 618 105 652 5
123 627 260 668 πεισμενονς
276 605 312 655 ὅτι
327 611 355 669 τῇ
370 606 443 657 αὐτοῦ
457 611 610 670 μακροθαμίρι
624 608 716 655 ποίντοιν
731 625 773 665 την
788 608 928 664 προπέτειαν
938 609 970 656 εἰς
985 602 1083 663 φανερὸν

123 678 182 738 α’ίγων
197 676 270 736 μόνος
287 675 377 738 cipando
392 685 462 728 ἐστιν.
498 682 535 727 καί
552 673 620 731 οὗτος
635 681 671 727 ἐπὶ
694 679 751 723 τέλει
766 679 809 723 τοὺ
825 674 912 725 παντὸς
933 675 1018 734 ἑκάστῳ
1038 676 1083 720 τῶν

121 744 291 804 τετολμηκότων
307 747 368 807 οἲμη
383 751 450 812 ἐχρῆν
466 751 552 800 ιλίκαιος
568 745 785 807 προκαθεσθησεται
800 745 883 804 κριτής.

175 818 251 861 XLVII.
285 820 366 864 Τοιατα
382 817 422 878 dyo)
438 819 537 879 Κλήμης
550 815 651 869 α’κοιίσας
665 824 731 877 ἔφην·
754 816 846 874 οίληθῶς
865 818 931 863 τοῦτο
951 816 1083 874 θεοσέβεια,

120 889 188 933 τούτο
212 886 323 946 οίληθοός5
344 890 457 948 εὐσέβεια.
492 886 564 938 ποίλιν
580 907 603 934 τε
618 894 687 947 ἔφην·
709 887 796 946 ἤθελον
810 894 898 945 μαθεῖν
923 883 980 940 οὖν,
1004 883 1040 932 dui
1061 886 1082 932 τί

95 955 190 1008 λοοίίτας
206 954 337 1016 ἐγράφησαν
353 964 376 1005 αἱ
391 961 480 1020 βίβλοι.
509 962 632 1018 μέμνημαι
647 958 690 1017 γοίρ
705 954 734 1009 οἷς
749 962 817 1015 ὲήης,
832 958 867 1005 ὅτι
883 963 914 1009 εἰς
930 961 1021 1020 ἔλεγχον
1037 960 1082 1003 τών

117 1026 249 1083 μελλόντων
271 1033 360 1088 τολμοῐν
383 1027 500 1076 πιστειίειν
513 1029 555 1076 τι7
569 1026 694 1088 λεγόμενον
710 1025 767 1074 κατοί
789 1029 830 1074 τού
848 1030 923 1075 Orod.
957 1026 1018 1085 πλην
1033 1031 1080 1076 ἐπεὶ

117 1098 197 1157 γαρίζη
211 1096 268 1156 ημῖν
293 1101 459 1147 πννθοίνεσθαί
475 1117 515 1146 σον
536 1099 565 1150 οίς
583 1097 720 1158 βουλόμεθα
728 1098 745 1152 ⁵,
766 1096 932 1145 πννθοίνεσθακ
951 1100 1081 1155 τολμῶμεν,

120 1169 161 1213 σού
176 1168 337 1225 κελεύσαντος,
352 1173 374 1216 εἴ
387 1188 422 1220 τις
436 1172 577 1228 βουληθείη,
599 1172 693 1229 φίλτατε
712 1170 799 1226 Πέτρε,
820 1169 893 1227 λέγειν
908 1168 974 1226 ημῖν·
1002 1165 1080 1225 αίληθη

118 1240 164 1282 ἐστι
179 1236 207 1283 τοί
221 1241 371 1298 γεγραμμένα
388 1238 448 1291 κοίν6
469 1257 504 1286 σοι
524 1242 598 1299 prodr}
618 1240 673 1301 δοκῇ
696 1236 724 1286 τοί
746 1235 803 1287 κατοί
826 1244 869 1286 τοτ’
890 1240 950 1285 Θεοί]
964 1240 1079 1299 ῥηθέντα

93 1311 165 1357 struere
180 1305 346 1366 οίποκριθώμεν
362 1310 435 1372 ον’τηῖς

175 1379 258 1423 XLVIII.
288 1380 363 1427 Καίὸ
384 1383 471 1441 Πέτρος
493 1380 643 1441 οίπεκρίνατο·
663 1376 711 1428 εὖ7
731 1381 797 1433 εἶπας
818 1377 965 1437 πειθόμενος,
985 1382 1018 1428 εἰς
1036 1374 1079 1437 γοίρ

120 1442 160 1506 τήν
175 1447 303 1507 demittere
319 1457 395 1500 docco·
411 1451 473 1513 πλην
489 1451 594 1500 οίκονσον·
623 1451 700 1513 ἐπειδη
715 1449 788 1499 πολλα
805 1456 852 1499 ε’στι
868 1450 895 1496 τοί
910 1449 957 1498 ὑπὸ
969 1451 1014 1500 τῶν
1024 1465 1079 1507 γρο-

119 1592 200 1636 sustulit
192 1593 277 1648 t,meri
294 1593 394 1637 terminos
409 1593 476 1652 dedit,
491 1601 566 1639 ventos
583 1607 607 1638 ec
621 1594 682 1638 fletus
700 1594 812 1647 ordinavit5
831 1593 908 1649 quique
928 1592 1011 1647 corpori
1032 1603 1078 1634 em-

119 1663 201 1705 bienti'
168 1669 218 1705 tm
232 1664 332 1707 immenso
348 1665 434 1721 pelago,
449 1679 488 1721 per
502 1667 687 1722 spiritumconsilii
701 1667 743 1723 stu,
759 1666 848 1708 securitn
849 1669 914 1707 item
906 1665 980 1707 tribuit.

93 1744 113 1777 το
175 1734 241 1777 XLVI
271 1734 309 1775 Hic
330 1741 402 1778 noster
419 1737 486 1792 Judex
506 1744 548 1793 est
574 1740 595 1780 in
614 1750 675 1793 quem
690 1736 790 1780 intuendo
807 1740 890 1790 oportet
905 1736 982 1777 enimes
997 1737 1078 1776 nostres

118 1805 238 1860 emendare,
255 1806 323 1847 omnia
338 1818 376 1860 pro
393 1819 419 1849 eo
435 1809 540 1865 cogitare>
565 1809 604 1863 ipsi
618 1808 754 1861 henedIoere3
777 1812 840 1862 atque
860 1819 898 1861 pro
919 1811 977 1848 certo
993 1804 1077 1860 habere,

117 1874 172 1928 quod
188 1887 225 1916 sue
247 1876 345 1928 pauentia
368 1878 519 1932 improbitatem
537 1884 659 1922 cunctorum
679 1878 699 1920 in
715 1878 817 1932 publicum
833 1877 937 1919 adducens
959 1876 1016 1920 solus
1037 1887 1077 1917 ex-

115 1945 167 1988 sistit
181 1946 255 1988 bonus.
286 1945 347 2002 Isque
362 1949 383 1989 in
398 1949 439 1990 fine
454 1951 547 1994 universi
568 1951 681 2006 unicuique
695 1950 810 1992 facinorum
830 1954 902 1991 contra
921 1948 1023 1990 rationem
1038 1945 1078 1988 eci-¹

116 2018 225 2059 missorum
239 2018 308 2071 J'ustus
323 2020 448 2072 praesidebit
460 2021 532 2075 judex.

90 2104 109 2136 25
172 2087 249 2130 XLVII.
279 2088 315 2131 His
330 2101 370 2143 ego
386 2089 481 2132 Clemens
497 2090 570 2132 auditis
594 2090 651 2132 dIco:
671 2101 723 2132 vere
745 2088 794 2131 iilud
813 2088 887 2144 religio
904 2092 944 2145 est,
963 2101 1014 2132 vere
1029 2089 1077 2131 iilud

115 2158 187 2210 pietes¹
218 2157 338 2213 iterumque
353 2160 397 2201 nio:
414 2172 513 2214 cuperem
527 2162 590 2216 igitur
605 2161 669 2216 scire,
684 2165 811 2214 quapropter
825 2171 851 2202 ec
867 2160 928 2201 modo
944 2160 1014 2214 scripti
1029 2167 1077 2205 suut

114 2228 160 2270 libri
175 2230 235 2271 sacri.
266 2229 348 2271 Memini
364 2231 439 2285 quippe
455 2236 475 2273 te
491 2231 579 2287 dixisse,
592 2230 613 2273 id
628 2231 704 2273 Iactum
720 2231 745 2273 ud
761 2230 906 2285 ccurgueudos
922 2241 971 2286 eos,
986 2232 1021 2285 qui
1036 2232 1075 2274 ali-

114 2300 173 2355 quid,
190 2299 246 2355 quod
261 2301 336 2343 dictum
352 2303 378 2344 sit
393 2303 494 2346 adversus
509 2303 587 2358 Deum,
607 2308 686 2345 temere
702 2302 799 2345 credituri
815 2308 880 2345 erent.
917 2302 957 2346 Sed
979 2304 1075 2357 quoniam

114 2371 213 2413 concedis
229 2372 298 2427 nohis,
316 2385 419 2427 quaerere
435 2387 461 2415 ex
476 2380 497 2417 te
512 2375 541 2416 uti
556 2374 618 2428 Iubet,
633 2373 765 2427 interrogare
780 2371 885 2429 nudemus,
900 2377 921 2415 te
932 2373 1025 2428 J'ubente.
1055 2373 1076 2416 Si

89 2443 172 2497 coquis,
189 2443 292 2485 carissime
307 2445 379 2502 Petre,
395 2447 415 2487 in
431 2446 520 2487 nmmum
535 2445 638 2487 induxerit
659 2444 729 2485 dicere
750 2444 823 2487 nobis:
844 2444 950 2487 veritatem
969 2445 1076 2487 contInent

114 2526 169 2567 quae
183 2514 204 2554 in
219 2513 284 2556 iteum
300 2516 352 2558 dicte
373 2529 398 2558 ec
418 2517 492 2571 scripte
512 2521 570 2572 sunt,
591 2516 639 2557 licet
654 2515 690 2557 tibi
710 2515 820 2558 videantur
834 2514 893 2558 falsa:
913 2527 955 2571 quo
970 2515 1032 2558 modo
1048 2515 1076 2559 illi

113 2585 302 2640 respondebimus?
795 2601 797 2605 ’

170 2655 255 2697 XLVIII.
285 2657 369 2712 Excepit
383 2659 466 2702 Petrus:
481 2664 503 2701 tu
519 2657 574 2700 hene
589 2657 729 2712 interrogasti.
761 2656 836 2698 Verum
853 2656 905 2699 nudi.
935 2656 980 2699 Erit
989 2657 1042 2699 enim
1054 2656 1075 2697 iu

114 2733 168 2770 tuam
185 2728 309 2771 cerdonem.
340 2730 511 2787 Quandoquidem
526 2731 588 2773 multu
604 2735 652 2772 sunt
667 2742 678 2771 a
694 2728 804 2783 Scripturis
825 2731 845 2771 in
863 2729 929 2770 Deum
949 2728 1012 2784 dIota,
1027 2728 1074 2782 quia

145 2924 163 2959 1.
193 2921 214 2959 Gi
230 2916 327 2974 ἀσφαλὴς
337 2927 379 2970 post
394 2921 467 2975 βουλῆς
478 2922 583 2973 IIetephra-
637 2925 656 2960 4.
686 2924 730 2960 Post
745 2918 763 2959 τι
780 2922 794 2959 0
810 2924 887 2971 praebet
902 2919 932 2962 τί.

116 2982 154 3016 sien
176 2981 250 3019 redolet
272 2980 398 3030 nburrdntque;
415 2978 512 3034 ’ἀσφαλὲς
531 2983 580 3030 conj.
637 2983 655 3020 5.
685 2982 733 3020 Vbb.
755 2978 898 3020 πυνθάνεσθαί
916 2992 952 3019 σον
980 2975 1007 3025 ὡς
1028 2980 1072 3034 βοκ·

117 3038 291 3079 sueccino
606 3033 685 3090 λομεθα
705 3046 823 3078 accesserunt
839 3042 898 3078 eri).

145 3099 163 3133 2,
193 3098 211 3134 Iu
228 3099 242 3136 0
258 3112 286 3148 pr,
303 3109 350 3136 mun.
367 3109 384 3135 m
395 3109 453 3147 marg
463 3095 512 3151 ἔχον.
544 3100 581 3138 Εα-
636 3101 655 3135 6.
686 3094 723 3137 κίίν
739 3110 774 3137 om
790 3097 815 3150 0
832 3099 965 3147 quitumscr
981 3093 1042 3137 dorsi

117 3153 157 3190 dcnr
173 3155 249 3194 varietus
265 3157 345 3197 occurrit
361 3157 439 3194 infruc.
457 3160 490 3198 52.
636 3159 654 3197 7.
684 3149 705 3195 είι
720 3158 735 3194 D
751 3158 907 3208 suffraganeo
926 3151 985 3196 etc

146 3214 164 3251 3.
195 3209 351 3265 duodecumo
368 3215 389 3255 0.
