2276 3612
558 237 606 293 ,τοο
941 236 969 286 n,
988 239 1020 288 ιο,
1038 218 1071 277 ιι.

107 349 213 412 σώματα,
238 352 301 399 αἰτία
320 347 385 410 αὕτη.
422 344 546 405 πνεύματα
569 350 633 404 ὄντες
652 354 688 401 καί
712 352 756 414 την
771 349 904 410 ἐπιθυμίαν
926 353 1018 410 ἔχοντες
1040 353 1072 400 εἷς

106 421 181 486 βρωτά
197 423 232 469 καί
250 419 310 470 ποτά
326 424 362 468 καί
376 419 510 476 συνουσίαν,
530 423 719 482 μεταλαμβάνειν
742 427 765 472 δὲ
787 421 822 484 μη
846 418 973 478 δυνάμεναι
994 417 1030 465 διά
1045 415 1071 465 τά

106 489 229 551 πνεύματα
245 493 302 540 εἶναι
318 491 372 538 καὶ1
396 492 482 536 δεῖσθαι
504 485 606 550 ὀργάνων
627 496 671 539 τών
691 493 747 554 πρὸς
768 492 812 550 την
830 494 911 556 χρῆσιν
933 490 1072 548 ἐπιτηδείων,

107 570 138 616 εἰς
153 559 181 610 τά
197 561 327 622 άνθρύπων
342 561 437 612 εἰςίασιν
452 559 557 618 σώματα,
572 567 619 616 ἵνα,
632 562 705 623 ὥσπερ
717 564 897 624 ὑπουργούντων
913 557 1016 621 άρχάνων
1031 579 1070 608 τυ-

106 632 196 697 χόντες,
210 627 242 680 ὧν
256 636 365 681 θέλουσιν
379 638 491 693 ἐπιτυχεῖν
506 634 597 679 δυνατοί
614 628 678 687 οἷσιν,
694 637 738 681 εἴτε
753 638 844 694 βρωτῶν
860 632 897 681 διά
908 634 970 680 των2
980 632 1087 691 σαθρά-5

106 721 151 751 που
165 699 277 757 ὀδόντων,
296 706 341 749 εἴτε
362 705 494 756 συνουσίας,
516 699 552 748 διά
568 704 613 748 τῶν
629 704 714 750 ἐκείνου
734 707 831 752 αἰδοίων.
869 704 928 752 ὅθεν
949 700 1008 763 πρὸς
1028 700 1071 760 την

106 776 150 821 τοῖν
166 774 281 831 δαιμίνων
297 770 372 833 poppa
387 773 402 831 ἡ
417 773 491 820 ἔνδεια
508 775 544 819 καί
560 770 580 832 soff
595 774 686 831 νηστεία
702 776 739 820 καί
762 771 776 832 ἦ
797 776 903 836 κακουχία
927 769 1071 821 οἰκειότατόν

105 851 149 892 ἐστι
162 843 283 903 βοήθημα.
314 848 334 889 εἰ
347 841 391 902 γάρ
405 845 447 889 τού
461 842 650 903 μεταλαμβάνειν
662 841 729 906 χάριν
744 846 879 904 εἰσέρχονται
895 849 926 897 είς
942 844 1070 904 daupidane

105 917 181 974 cuipter,
195 914 317 973 δηλονότι5
332 915 440 976 κακουχίᾳ
455 914 630 973 φυχαδεύονται.
661 910 709 962 ἀλλ’
725 911 802 972 ἐπειδη
819 919 867 960 ε”νια
885 913 998 975 δεινότερα
1013 934 1069 976 τυγ-

104 982 202 1047 χάνοντα
218 984 480 1043 προσηιλονειιιησαντα,
497 987 570 1031 καίτοι
586 983 759 1044 τιμωρούμενα,
775 985 805 1044 τῷ
821 988 979 1048 τιμωρουμένῳ
996 1005 1067 1046 προσ·
1076 1002 1095 1036 1o

104 1057 168 1114 μένει
183 1049 279 1113 σώματι,
296 1051 333 1102 διά
349 1060 416 1102 τούτο
431 1054 473 1118 χρη
488 1053 639 1123 προσφεύγειν
661 1058 709 1117 Θεῷ
730 1053 803 1116 eripete
825 1056 860 1101 καί
876 1053 988 1113 δεήσεσιν,
1010 1053 1068 1103 dne.

24 1135 25 1138 ’
89 1126 213 1187 χσμίνσυς
228 1123 319 1185 πάσηςί
334 1120 468 1186 ἀκαθάρτου
483 1127 628 1185 προφάσεως,
648 1123 739 1186 ὅπωςη
762 1128 804 1173 τού
821 1127 882 1173 Θεσύ
898 1128 945 1187 χείρ
960 1130 991 1177 εἰς
1007 1130 1068 1173 ίάσιν

105 1194 176 1242 αὐτού
190 1198 317 1254 ἐπιψαῦσαι
333 1197 431 1258 δυνηθῇ,
448 1195 477 1249 dg
493 1193 566 1256 άχνσύ
581 1200 617 1246 καί
634 1197 790 1248 πιστεύοντος.

160 1267 193 1311 XI.
223 1271 261 1315 Δεῖ
276 1271 299 1315 δὲ
314 1269 351 1314 καί
368 1272 392 1313 ἒν
407 1278 458 1321 ταῖς
473 1265 545 1330 εὐχαῖς
558 1267 602 1314 τά5
618 1270 664 1329 θεῷ
680 1269 875 1330 προσπεφευχέναι
886 1263 1015 1325 ὁμολσχεῖν,
1030 1268 1067 1312 καί

105 1334 321 1406 διαμαρτύρασθαι]6
340 1335 383 1397 την
405 1341 446 1384 τού
469 1341 580 1397 δαίμονος
603 1338 644 1385 ουίι
667 1336 799 1393 dodonae,
825 1333 881 1384 άλλοί
909 1338 1093 1396 βραδυτῆτα7,15

104 1407 182 1455 πάντα
196 1405 240 1467 γάρ
256 1411 286 1470 τῷ
302 1405 433 1455 πιστεύοντι
449 1411 547 1468 γίνεται,
571 1408 707 1455 άπιστσύντι
727 1411 750 1455 δὲ
770 1408 844 1456 οὐδέν.
878 1405 936 1453 ὅθεν
957 1403 1023 1453 αύτολ
1047 1412 1068 1453 οἱ

104 1479 222 1537 δαίμονες,
237 1477 319 1531 εἰδότες
334 1472 365 1525 ὧν
380 1481 526 1539 ἐπικρατοῦσι
542 1483 581 1539 της
597 1481 691 1531 πίστεως
706 1479 748 1540 τὴν
763 1478 879 1535 ποσότητα
887 1513 894 1532 ‚
909 1474 1069 1543 άυαλσγούσαν

103 1552 264 1608 ε’πιμετρούσιν
276 1547 353 1597 αὐτῶν
367 1551 410 1608 την
424 1549 546 1610 ἐπιμονήν.
577 1549 613 1597 διά
627 1552 696 1597 τούτο
708 1562 755 1602 τοῖς
768 1548 904 1598 άπιστούσιυ
913 1549 1069 1605 ἐπιμένουσιν,

103 1630 148 1671 τοῖς
165 1620 187 1666 δὲ
205 1622 336 1672 δυσπίστοις
350 1621 548 1681 ε’μβροιδάυουσιν,
569 1630 617 1672 τοῖς
637 1621 660 1667 δὲ
680 1620 815 1669 παντάπασι
839 1618 971 1665 πιστεύσασι
993 1621 1028 1666 καί
1045 1614 1069 1666 ad
1096 1652 1098 1657 .

104 1776 165 1807 carisa
181 1769 219 1807 est.
250 1764 300 1806 Cum
316 1765 356 1808 sint
372 1765 453 1819 spiritus
470 1770 490 1807 et
505 1768 603 1820 appetant
618 1766 675 1808 cibes
691 1769 712 1806 et
727 1768 787 1818 potus
804 1774 828 1804 ac
843 1761 952 1817 libidinem,
968 1774 1094 1819 necpos-on

103 1836 143 1878 sint
158 1847 244 1890 capere,
260 1837 317 1892 quia,
334 1849 395 1890 quum
411 1836 492 1890 spiritus
508 1837 553 1893 sint,
569 1837 660 1892 indigent
677 1846 803 1891 organorum
820 1832 845 1874 ad
861 1845 919 1876 usum
933 1836 1068 1877 necessario-

103 1917 158 1960 rum,
173 1907 193 1946 in
208 1905 311 1947 hominum
326 1905 470 1960 ingrediuntur
486 1919 584 1962 corpora,
603 1913 625 1949 ut
640 1902 742 1961 tamquam
757 1904 890 1947 ministrantia
906 1905 997 1947 membra
1013 1906 1068 1948 nacti

104 1989 156 2030 quae
172 1977 255 2030 cupiunt
270 1977 350 2031 possint
365 1976 467 2031 obtinere,
483 1977 527 2019 sive
543 1977 612 2033 cibos,
632 1990 670 2032 per
690 1977 763 2019 dentes
778 1975 875 2030 bominis,
896 1975 939 2018 sive
957 1976 1067 2033 libidinem,
1101 1974 1103 1977 ’

103 2059 140 2100 per
155 2047 250 2101 genitalia
266 2047 324 2088 illius.
362 2045 420 2088 Unde
441 2046 466 2087 ad
488 2046 591 2103 fugandos
611 2048 723 2090 daemonas
744 2046 866 2088 abstinentia
886 2050 907 2088 et
924 2047 1026 2101 JeJ'unium
1048 2052 1067 2089 et

103 2116 205 2159 afflictatio
221 2117 345 2171 aptissimum
363 2122 395 2160 est
410 2117 511 2160 auxilium.
551 2118 572 2162 Si
588 2119 641 2160 enirn
658 2117 807 2159 adfruendum
823 2116 966 2171 ingrediuntur
981 2118 1001 2159 in
1018 2130 1092 2166 cor-25

87 2206 89 2210 v
102 2200 140 2242 pus
155 2187 253 2244 hominis,
268 2192 324 2242 patet
338 2187 384 2231 illos
398 2187 466 2243 fugari
482 2188 599 2232 addictione.
630 2190 705 2230 Verum
722 2189 769 2242 quia
785 2186 865 2241 quidam
881 2186 1017 2245 molestiores,
1033 2189 1067 2230 nbi

103 2259 256 2314 contenderint,
272 2259 364 2314 quamvis
379 2258 455 2301 luerint
471 2260 574 2316 castigati,
597 2260 701 2302 tamenin
717 2259 817 2314 castigato
834 2271 923 2313 corpore
938 2266 1067 2320 permanent,

102 2330 148 2372 ideo
166 2331 190 2372 ad
206 2329 271 2372 Deum
287 2334 369 2384 oportet
389 2329 504 2385 confugere
519 2331 616 2385 precibus
632 2336 652 2374 et
668 2331 805 2385 orationibus,
831 2333 893 2385 atque
913 2331 968 2373 omni
988 2332 1067 2387 impura

104 2400 214 2443 occasione
232 2400 361 2456 abstinendo,
377 2400 443 2443 utDei
458 2413 530 2444 manus
545 2403 565 2444 in
574 2391 626 2446 illius
642 2403 749 2446 sanitatem
765 2400 831 2457 possit
841 2401 949 2458 accedere,
964 2407 1066 2458 tamquam

103 2470 148 2525 puri
164 2483 188 2512 ac
202 2469 275 2511 fidelis.
780 2466 782 2470 ’
1072 2490 1091 2523 30

159 2540 192 2583 Xl.
223 2539 310 2594 Oportet
325 2545 392 2582 autern
407 2541 427 2582 in
443 2542 538 2596 precibus
554 2543 657 2599 confiteri,
674 2543 793 2599 confugisse
810 2555 849 2586 nos
865 2544 890 2586 ad
906 2544 982 2601 Deum,
1003 2551 1065 2601 atque

103 2611 193 2654 attestari
209 2610 316 2653 daemonis
331 2622 374 2652 non
390 2611 530 2669 indolentiam,
546 2613 583 2656 sed
598 2613 718 2657 tarditatem,
758 2613 836 2657 Cuncta
860 2615 914 2657 enirn
934 2616 989 2658 fideli
1009 2618 1064 2672 fiunt,

102 2682 177 2725 infideli
191 2694 241 2725 vero
257 2682 312 2723 nihil.
346 2681 405 2724 Unde
426 2683 464 2738 ipsi
483 2683 607 2742 daemones,
631 2685 720 2729 scientes
742 2698 816 2728 eorum
834 2699 887 2741 quos
908 2687 999 2730 obtinent
1018 2688 1064 2729 fidei

102 2754 246 2808 quantitatem,
262 2764 288 2793 ex
303 2752 438 2805 proportione
454 2766 511 2796 suam
527 2756 637 2798 metiuntur
650 2751 784 2800 mansionem.
822 2758 924 2808 Quocirca
940 2760 961 2801 in
976 2758 1063 2801 infideli-

101 2822 139 2866 bus
154 2827 299 2878 perseveranl,
321 2822 341 2863 in
357 2822 382 2865 iis
398 2828 464 2865 autern
480 2825 514 2879 qui
534 2838 598 2881 aegre
614 2826 700 2869 credunt
724 2827 870 2885 immorantur,
891 2843 936 2872 cnm
958 2830 982 2872 iis
1005 2841 1089 2886 τείσει

101 2962 118 2999 p.
128 2952 174 2991 ιοο.
184 2954 231 2991 eoo.
247 2937 309 2990 neon,
326 2949 352 2986 cf.
364 2950 477 2999 nonne.
489 2951 508 2990 s.
524 2951 569 2990 nen
624 2955 642 2991 3.
673 2953 734 3005 ennea
749 2951 781 2995 aa
797 2957 817 2995 c.

102 3010 154 3048 deest
169 3010 208 3050 τῶν
223 3011 241 3049 in
258 3011 279 3049 0.
623 3014 642 3049 4.
673 3013 694 3050 Gi
709 3029 730 3054 τε
746 3021 788 3055 ante
803 3010 868 3067 πάσης
884 3013 936 3052 omisi
952 3025 968 3051 c.
985 3013 1006 3053 Ο.

132 3072 150 3107 l.
180 3065 276 3121 auiSO,
293 3066 407 3106 desideratur
423 3080 452 3117 ap.
465 3067 569 3119 C.l)legi
624 3073 642 3109 5.
670 3071 699 3122 τῷ
714 3074 734 3113 C.

7 3125 10 3132 ‘
64 3122 66 3126 '
101 3124 256 3178 νιιλιπυεύματα
273 3124 423 3169 doroberniam.
624 3133 642 3168 6.
673 3129 849 3187 διαμαρτύρεσθαι
865 3131 886 3168 0.

106 3178 149 3253 ,2ss
179 3185 226 3231 τούς
242 3188 262 3227 C.
293 3188 335 3224 Tum
359 3183 383 3224 id.
399 3180 486 3232 (idcircone
507 3191 524 3225 et
543 3182 568 3227 τά
623 3190 641 3227 7.
672 3189 788 3247 βραδύιητα
804 3191 823 3231 C.
853 3190 896 3228 Tum
912 3184 932 3228 δὲ
950 3201 986 3233 om.
1003 3192 1024 3231 0·
1071 3188 1074 3193 ’

102 3241 177 3285 εκείοσυ
193 3242 267 3286 αἰδοῖοι.
