2276 3612
550 230 581 284 113

88 354 162 435 μίρον
194 349 228 395 ὄτι
243 347 306 396 δὲ
282 368 322 396 τον
338 349 445 396 κίνδυνον
456 365 547 398 παντως
555 346 710 399 αναδεςσιοδαι
723 347 823 398 σεδιῖ,’
812 344 871 402 aptari
886 360 955 389 τσιιτο
970 339 1050 395 σίξιουν

87 420 121 481 μη
136 437 269 477 κανομενσο
291 424 323 469 εἰς
338 435 381 477 την
402 418 447 463 τῶν
470 414 564 462 πάντων
579 412 705 502 βοήβειαν,
727 411 800 473 ὀρθως
825 411 974 460 ἐπί.οτασαι1
1007 410 1049 471 ὅσῳ

85 488 128 539 οὖν
143 508 183 544 μοι
199 507 325 550 ταχστερσν
341 486 522 542 σννεοδοιιησεις,
537 486 647 532 τοσσύτόν
664 504 694 541 με
709 487 749 542 της
765 483 871 543 οίθιιμίας
887 499 1009 540 κοσφιοιις.

142 560 173 602 lv.
204 560 257 603 Οἶδα
274 559 297 603 δὲ
313 559 349 602 καί
367 555 446 608 αὐτὸς,
462 551 479 599 ολ
496 554 559 612 Κλήρ
540 572 594 612 ρμης
600 551 711 608 2,λιι’ποις
727 559 762 602 καὶ
779 553 892 614 σίθωμίας
912 554 949 598 καὶ
970 550 1049 597 κινδύ-

83 646 136 679 νσιις
151 629 186 673 καί
200 627 287 686 ψόγους
301 626 356 678 τούς
371 631 392 678 ἐξ
414 624 558 671 σῖπαιδειίτων
578 623 648 684 ὄχλων
670 643 704 670 σοι
727 626 881 683 δωρούμενος,
902 622 944 673 oisc
963 620 1063 680 δννηση5

83 700 190 757 γενναίως
201 700 283 755 φέρειν,
298 698 380 753 ἐνσρων
390 697 430 752 της
445 691 567 751 ιίπσμσνης
582 692 622 738 τὸν
638 699 660 739 ὲκ
674 697 734 741 Θεοῦ
750 713 783 740 σοι
795 699 869 753 μέγαν
878 688 1049 749 σι’ποδιδιίμενσν

82 767 175 825 μισθόν.
206 765 263 813 σίλλσί
280 768 316 811 καί
332 767 421 816 δικαίως
436 762 629 822 σανενδνμηθητί
644 784 697 822 μοι,
721 761 776 811 πότε
797 785 836 812 σοι)
857 769 898 823 της
917 764 1049 822 ξυμμαχίας

81 839 157 920 χρείαη
172 843 216 898 ἔχει
232 834 244 882 ὁ
259 837 372 895 Χριστός,
388 838 432 882 νιῗν
447 835 484 881 ὅτε
500 831 511 880 ὁ
527 831 627 892 πονηρὸς
642 832 699 879 acad
716 837 757 891 της
772 835 844 882 αι’τού
861 836 955 894 νύμφης
977 833 1049 879 πόλσ-

81 926 128 964 μσν
143 906 225 967 η’ρατο,
239 905 301 965 ηείς
316 906 357 954 τόν
372 905 468 954 ἐπιοντα
485 906 579 968 χρόνον,
601 904 637 951 σ’τε
654 902 748 960 νικήσας
762 904 909 963 βασιλεύσειό
932 906 1048 962 μηδιμιιῖς

82 980 123 1023 τοιλ
139 975 220 1025 λοιποιί
237 980 315 1038 χροίαν
330 984 384 1040 ἔχων
400 980 528 1064 βοηθείαις,Ι
544 974 594 1035 οὐχί
611 976 647 1020 acl
658 992 687 1032 τῳ
680 970 872 1035 ’βραχιίνὲχοντι
883 976 956 1020 νουν4
971 976 1009 1032 dat
1013 992 1047 1027 ον,
1054 986 1073 1019 td

80 1067 115 1094 οτι
131 1050 187 1100 νύνς
204 1045 266 1106 παίση
281 1051 325 1094 οὐν
340 1049 467 1106 προαιρέσει
483 1052 508 1092 ἐν
523 1048 553 1104 cci
568 1045 608 1103 της
619 1044 739 1102 παρούσης
754 1043 854 1102 ιίνσίγκης
864 1044 934 1103 χρόνω
945 1045 1046 1105 τσίχννον

81 1120 224 1177 ξαμμαχησαι
240 1121 329 1176 βασιλεῖ
343 1117 423 1178 αγαδιο
430 1154 436 1173 ,
451 1116 553 1173 pradelle
569 1115 683 1171 μσγδλονς
697 1111 756 1171 μετοί
773 1114 839 1171 νίκην
856 1112 990 1160 σίποδιδσναι
1007 1132 1046 1158 πι-

80 1188 166 1243 ponder.
196 1188 278 1249 χαίρων
295 1184 338 1234 οὖν
354 1188 519 1246 ἐπισκόπησον,
543 1182 651 1242 ειίκαίρως
674 1181 748 1243 ταιλτη
768 1186 869 1240 μαλλον,
892 1185 920 1234 cic
935 1185 1045 1239 διοίκησιν

79 1257 193 1313 ἐκκλησίας
209 1258 261 1314 παρ’
277 1260 334 1315 ἐμοῦ
349 1254 504 1317 μεμαθηκώς,
522 1259 554 1307 εἰς
570 1250 611 1311 την
627 1254 671 1298 τῶν
686 1254 743 1312 ημῖν
765 1252 955 1314 προοφειηιόντων
978 1249 1044 1299 σίδελ-

80 1327 127 1383 poio
143 1329 260 1385 σωτηρίαν.
1050 1336 1069 1369 15
1126 1334 1130 1342 '

135 1399 158 1441 V.
189 1394 255 1453 Πλην
272 1399 307 1443 καί
322 1398 407 1457 βραχέα
424 1395 466 1451 oc⁵
481 1398 517 1442 ἐπὶ
532 1391 626 1441 πάντων
643 1390 680 1440 διιί
696 1392 786 1445 πάντας
806 1393 833 1441 τοί
856 1397 894 1452 της
917 1395 1043 1454 διοικήσεως

77 1465 210 1524 ιίπομνησαι
225 1468 291 1512 θέλω.
328 1471 351 1512 σὲ
365 1469 409 1522 μὲν
424 1462 465 1526 χρη
483 1463 643 1521 ἀνεπιλήπτως
658 1464 758 1520 βιοῦντα
774 1466 862 1524 σπουδῇ
878 1465 975 1522 μεγίστη
996 1461 1043 1508 ποί-

77 1555 116 1587 σας
131 1534 171 1587 τοίς
187 1536 247 1583 τοι]6
261 1541 315 1595 βιόν
331 1536 436 1598 σίσχολιάς
451 1535 610 1590 deccat-ecoe,
633 1531 692 1593 μήτε
711 1533 822 1592 ἐγγυητήν
844 1532 969 1594 γινόμενον
983 1533 1043 1592 μήτε

77 1681 159 1723 omnino
174 1680 279 1733 suscipere
294 1685 315 1721 te
331 1684 422 1735 oportet,
444 1693 477 1721 me
492 1680 512 1721 id
532 1691 610 1736 rogare
629 1691 671 1720 non
699 1682 795 1720 cessante
813 1675 833 1718 in
850 1682 972 1718 cunctorum
987 1677 1040 1720 sub-

75 1751 156 1804 sidium,
177 1751 251 1803 optime
267 1750 348 1792 novisti.
386 1749 467 1797 Quanto
490 1762 541 1803 ergo
564 1749 623 1790 citius
643 1747 691 1789 mihi
713 1759 812 1790 assensus
833 1747 987 1803 ineris,tanto
1006 1761 1064 1793 mero

75 1820 154 1862 tristitia
168 1820 252 1862 levabis.

129 1890 161 1931 IV.
190 1888 243 1931 Novi
265 1894 332 1930 autem
353 1889 413 1930 etiam
434 1890 488 1945 ipse,
510 1901 522 1929 o
543 1887 648 1942 Clemens,
670 1886 726 1940 quod
746 1888 782 1929 tibi
804 1888 912 1929 conciliem
931 1888 1037 1930 molestias

75 1965 94 2001 et
109 1972 216 2002 moerores
232 1964 252 2000 et
267 1959 358 2013 pericula
378 1964 399 2000 et
414 1960 489 2013 probra
505 1959 529 2000 ab
551 1959 653 2000 inerudita
674 1958 734 2010 plebe
754 1958 896 2012 importando,
916 1971 970 2012 quae
988 1958 1036 2000 lor-

72 2030 119 2069 titer
133 2030 210 2081 poteris
225 2029 290 2084 ferre,
306 2029 417 2082 respiciens
433 2029 458 2069 ad
474 2030 585 2083 patientiae
601 2041 697 2083 magnam
711 2028 830 2069 mercedem
846 2028 882 2069 tibi
895 2041 906 2070 a
921 2028 966 2070 Deo
982 2029 1034 2071 red-

73 2097 166 2141 dendam.
200 2098 277 2141 Sedet
296 2099 344 2139 illud
359 2111 440 2140 mecum
453 2101 510 2154 Juste
530 2099 648 2143 considera:
669 2099 751 2153 quando
774 2105 808 2141 tuo
830 2099 905 2142 auxilio
928 2112 979 2154 opus
1004 2106 1060 2145 estes

72 2167 162 2223 Christo,
177 2180 232 2210 irunc
248 2181 293 2211 cum
308 2169 373 2212 illalus
389 2171 489 2213 adversus
505 2183 602 2224 sponsam
617 2171 670 2212 illius
686 2170 762 2212 bellum
780 2170 882 2225 suscepit,
904 2182 930 2211 an
949 2172 970 2213 in
996 2184 1034 2214 se—

72 2239 142 2292 quenti
157 2243 259 2293 tempore,
276 2240 357 2294 quamdo
373 2241 460 2282 victoria
478 2246 537 2295 parta
552 2242 657 2296 regnabit,
680 2241 736 2282 nullo
761 2240 846 2294 amplius
866 2241 957 2283 subsidio
978 2239 1033 2283 ¹indi-

71 2310 138 2363 gcns?
168 2308 242 2352 Nonne
259 2312 318 2353 etiam
339 2312 408 2366 exigui
423 2313 501 2367 ingenii
516 2313 560 2355 viro
582 2313 656 2368 claret,
677 2312 733 2368 qnod
753 2313 774 2353 in
793 2314 899 2366 praesenti
920 2314 1032 2367 tempore?

71 2379 168 2422 Omnibus
184 2393 235 2435 ergo
252 2382 311 2422 animi
327 2383 404 2425 viribus
420 2384 440 2424 in
456 2383 497 2426 hoc
512 2385 627 2437 praesentis
638 2384 767 2426 necessitatis
778 2388 873 2437 tempore
887 2383 961 2426 festina
971 2398 1031 2439 opem

68 2450 125 2492 ferre
139 2451 195 2492 bono
211 2451 272 2507 Regi,
288 2464 372 2507 magnas
387 2455 565 2498 remunerationes
580 2461 628 2508 post
643 2455 748 2497 victoriam
763 2454 853 2496 reddere
869 2456 937 2498 solito.
967 2456 1055 2498 Lactoao

68 2521 131 2575 igitur
146 2522 212 2564 animo
228 2522 373 2577 Episcopatum
388 2525 478 2581 suscipe,
506 2530 623 2579 opportune
639 2538 664 2568 eo
680 2526 746 2580 magis
763 2525 819 2579 quod
834 2525 940 2568 Ecclesiae
957 2526 1028 2580 dispo-

69 2591 163 2633 sitionem
180 2603 239 2633 aine
255 2592 350 2650 didicisti,
367 2594 392 2635 ad
407 2595 492 2636 fratrum
511 2595 545 2650 qui
561 2595 586 2637 ad
601 2607 640 2637 nos
656 2595 796 2650 confugerunt
812 2596 904 2639 salutem.

125 2661 148 2703 V.
177 2661 323 2706 Verumtamen
340 2670 360 2706 et
375 2665 466 2707 breviter
484 2678 554 2708 coram
571 2665 664 2707 omnibus
686 2670 705 2707 et
720 2672 807 2720 propter
828 2679 911 2722 onmes,
934 2678 986 2720 qriae
1002 2665 1027 2706 ad

68 2743 113 2772 earn
129 2731 281 2785 dispositionem
299 2736 412 2791 pertinent,
432 2736 453 2776 in
473 2741 563 2778 mentem
583 2736 618 2777 tibi
640 2737 754 2778 revocabo.
790 2736 819 2777 Te
842 2737 923 2792 quidem
944 2741 1027 2790 oportet

67 2801 273 2855 irreprehensibiliter
288 2805 371 2861 vivere,
387 2811 408 2848 ct
422 2806 510 2849 maximo
527 2807 593 2849 studio
610 2807 746 2849 omnesvitae
762 2809 910 2861 occupationes
927 2807 1052 2861 objicerezeo

98 2919 115 2955 1.
131 2918 157 2956 lta
173 2919 184 2956 S
201 2930 223 2957 ex
239 2919 287 2967 uun,
303 2917 411 2972 ἐπίσταμαι
424 2922 437 2960 C
451 2927 468 2960 et
481 2922 501 2960 0.
588 2927 605 2961 6.
621 2921 656 2961 cod
672 2923 753 2960 accessit
765 2923 816 2962 exO.
838 2925 881 2960 Tnm
891 2918 1025 2962 ἀποσείεσθαι

97 2980 115 3013 2.
130 2973 224 3029 ΚλήμηΟ
235 2984 346 3021 constanter.
374 2985 391 3022 3.
399 2978 499 3034 (cacabate
510 2982 530 3019 0.
557 2982 571 3019 0
588 2993 604 3019 c.
621 2982 666 3019 (lod.
677 2984 728 3031 804,
745 2977 869 3021 ἀκσσίοσδιιι
882 2981 927 3018 Cod.
936 2981 1024 3021 Clement.

96 3037 115 3072 4.
130 3032 192 3089 βραχίι
202 3033 283 3090 [βραχὺν
296 3038 369 3093 comps)
382 3040 428 3080 νοῦν
439 3038 502 3092 ἔχοντι
510 3042 530 3078 C.
555 3040 610 3078 Paris.
620 3046 732 3079 constanter.
756 3043 783 3079 De
793 3042 827 3078 lrac
841 3039 943 3087 scripturae
952 3041 1025 3079 discre-

97 3094 114 3130 5.
132 3107 153 3133 σε
162 3096 223 3133 αδδιδι
231 3109 246 3133 c.
260 3097 279 3136 Ο,
295 3098 396 3137 Pronomen
405 3101 471 3138 deesse
480 3105 531 3140 recte
555 3098 616 3149 pantio
633 3101 646 3137 C
663 3100 735 3138 consuli
748 3101 800 3148 jubet
816 3100 891 3144 Satoris,
907 3100 948 3137 Noc
959 3102 981 3137 ad
993 3101 1024 3137 ln-

66 3151 110 3189 vidit
126 3154 145 3192 S.
160 3152 259 3207 βραχκίας
274 3157 530 3199 CodClemeutinorumPav
555 3158 618 3206 script.
640 3160 720 3198 Herodis
740 3171 758 3207 p.
776 3161 849 3206 ddseq.
893 3159 930 3198 Cir.
944 3160 1021 3198 Constit.

64 3210 148 3260 risiens.;
164 3212 254 3266 βραχέως
269 3217 317 3264 conj.
334 3217 355 3255 C.
554 3219 620 3268 Apost.
635 3219 657 3268 ll,
674 3224 693 3257 d,
709 3218 752 3256 Gaii,
769 3218 834 3266 Apost.
852 3219 885 3256 1o.
