2276 3612
578 221 605 269 12

108 333 203 381 κανόνα.
239 336 312 386 adcor]
328 333 370 385 σόν
386 336 510 395 σόκοόσατε,
533 339 561 391 τίς
576 340 672 399 γνόντες
688 340 722 388 ότι
738 334 749 385 ό
764 335 823 384 τόν1
838 336 950 397 ἀληθείας
965 342 1069 392 προκαθ-

107 402 217 463 εζόμενον
232 411 310 455 λαπσῖν
325 411 355 458 εἰς
372 408 473 466 Χριστόν
487 406 616 467 οἷμαρτοίνει
632 413 668 457 καί
684 410 725 458 τόν
741 410 827 467 πατέρα
844 410 889 455 τῶν
906 406 963 455 ὅλων
980 423 1068 462 napoc-

105 477 173 532 γίζει·
191 470 218 523 οὗ
235 484 319 525 εἵνεκεν
335 476 363 525 στ’
380 477 476 536 ζήσεται.
510 482 547 526 καὶ
564 479 635 528 αὐτόν
652 479 695 529 σόν
711 482 744 526 dai
757 476 797 525 τόν
813 475 1016 538 προκαθεζόμενον
1031 480 1068 521 ἰα-
1086 530 1088 532 ,

105 549 161 602 τροό
175 548 249 595 τόπον
264 549 377 609 ἐπέχεινῖ,
392 548 421 597 ου’
436 552 519 608 θηρίοο
537 548 620 612 οίλόγοο
636 550 715 610 θυμόν
731 555 812 612 ἕχεινμ

79 626 88 658 5
164 619 195 662 lll.
225 618 305 666 Λότοό
321 621 396 665 ταῦτα
412 623 517 679 λέγοντος
533 620 573 680 ἐγώ
596 620 730 680 προσπεσόν
748 615 995 677 ἐπιόεόμηνὸαότοό,
1010 634 1067 674 παρ·

105 688 242 745 σιτούμενος
263 687 304 747 τόν
327 694 368 748 της
384 691 494 748 καθέδρας
515 693 587 750 τιμήν
607 712 631 738 τε
649 695 685 738 καί
700 692 809 744 ἐξοαοίαν.
847 686 858 735 ό
880 686 899 735 «λ’
918 683 1066 744 ἁπεκρίνατο·

103 761 152 814 περί
168 756 250 805 τούτου
266 779 297 817 με
313 758 366 819 μη4
381 758 457 816 α’ξίσο·
480 765 549 808 τούτο
568 762 611 822 γσίρ
626 765 734 821 γενέσθαι
750 761 852 807 όέόοκταί
867 778 921 815 μοι,
943 760 979 804 καί
994 756 1067 816 ταιίτη

102 830 191 886 μαλλον
208 832 230 874 εἰ
244 834 359 889 παραιτῇ·
380 830 414 876 ότι
431 827 445 889 η
466 831 562 890 τοιαύτη
576 834 677 891 καθέδρα
693 830 719 877 οὐ
737 831 961 889 φιλοκαθεόρούντος
980 832 1067 886 τολμη-

101 899 143 954 pcc
157 900 235 958 χρείαν
251 905 307 961 ἔχει,
328 898 375 947 αλλ’
390 897 504 958 εόλαβούς
524 902 565 949 τόν
585 905 723 961 τρόπονκαὶ
740 899 915 959 πολνριαθοός5
934 898 975 946 τόν
989 899 1065 957 λόγον.

76 967 139 1017 1οόός
155 969 178 1014 dd
194 966 235 1015 τόν
250 974 379 1027 κρείττονα,
400 969 424 1021 tc
437 975 491 1028 ἐμοί
506 990 546 1019 oco
560 978 639 1021 πλεῖον
654 973 777 1020 οαιιοίόειισε
797 975 833 1019 καί
851 973 898 1017 των
917 971 989 1029 λόγων
1010 969 1065 1028 ἐπη-

100 1055 163 1083 κοοσε
180 1041 215 1084 καί
231 1037 273 1098 την
289 1042 398 1098 ιλιοίκησιν
414 1042 455 1096 της
469 1044 586 1098 ἐκκλησίας
601 1040 778 1101 ἐκμεμόθηκεν,
799 1045 835 1089 καὶ
851 1039 891 1088 οὐκ
906 1036 1026 1100 οίναγκοίσα
1041 1057 1063 1084 oa

100 1110 171 1161 καλῶς
188 1120 263 1156 ποιεῖν
279 1108 309 1158 ου’
324 1112 436 1156 θίλοντα·
467 1108 515 1158 αλλ’
532 1112 559 1157 οὐ
574 1112 685 1171 ιλσνησει6
706 1116 750 1157 νύν
769 1108 810 1157 τόν
825 1129 866 1157 σον
885 1113 1002 1168 κρείττονα
1018 1129 1064 1156 πα-

98 1189 197 1238 ρασχεῖν·
228 1180 256 1224 σαί
276 1179 320 1239 γσίρ
340 1176 366 1225 dc’
382 1183 438 1237 ἐμοιί
462 1185 507 1228 τών
528 1185 659 1241 σωζομένων
682 1185 758 1229 ἕθνοίν
778 1181 811 1241 η“7
833 1184 941 1241 κρείττων
964 1180 1062 1241 α’παρχη.

98 1246 158 1307 πλην
175 1251 211 1294 καί
227 1246 252 1295 τό
268 1257 345 1309 ἕτερον
361 1250 456 1309 λόγισαι,
476 1251 511 1298 ὅτι
527 1253 564 1298 εἰῦ
579 1253 620 1300 τόν
636 1256 744 1301 κίνόννον
759 1256 800 1309 τῆς
816 1252 930 1310 ἁμαρτίας
945 1252 1064 1310 φοβοόμε-

71 1327 135 1368 15νσς
151 1319 191 1364 οὐκ
209 1315 306 1381 εἷναόίχη
321 1322 361 1378 της
383 1324 499 1380 ἐκκλησίας
518 1323 561 1381 την
580 1325 700 1383 ιλιοίκησιν,
723 1320 767 1371 εό9
787 1327 837 1369 ἴσθι
857 1321 919 1373 sidcis
934 1321 969 1368 ὅτι
984 1324 1062 1367 πλεῖον

98 1387 246 1447 (λλναρτοῖνας,
263 1387 323 1441 ὅστις
338 1402 383 1442 τοῖς
394 1395 527 1452 θεοσεβὲοιν
542 1392 616 1453 ὥσπερ
631 1397 724 1441 πλίσασι
738 1394 775 1439 καί
792 1390 949 1440 κινόανεόοσσι
960 1394 1060 1451 βοηθεῖν

99 1459 228 1519 όσνοίμενος
244 1456 272 1505 οὐ
287 1462 372 1515 θέλεις,
389 1463 517 1510 cccccccccc
533 1463 606 1522 μόνον
622 1461 647 1509 τό
663 1466 720 1510 ίόιον
736 1466 772 1510 καλ
788 1462 815 1509 οὐ
830 1459 856 1508 τό
865 1463 993 1521 κοινῇπαοι
1003 1479 1063 1518 σομ-

97 1603 157 1659 solvi,
172 1610 276 1658 tamquam
291 1604 327 1659 qui
341 1604 448 1647 Ecclesiae
463 1606 557 1661 regulam
573 1607 660 1648 noverit.
690 1606 759 1661 lpsum
774 1618 826 1661 ergo
843 1604 917 1660 audite,
932 1608 956 1646 ut
971 1603 1060 1646 scientes

97 1674 161 1730 quod,
178 1675 213 1728 qui
229 1676 382 1718 contristaverit
397 1677 490 1718 veritatis
505 1677 633 1732 praesidem,
648 1683 721 1731 peccat
735 1678 756 1718 in
771 1675 884 1729 Clnisturn,
906 1680 926 1716 et
946 1675 1059 1717 universo-

70 1754 141 1786 scrurn
156 1745 236 1786 Patrem
251 1745 327 1787 irritat:
342 1753 468 1801 quapropter
483 1760 525 1789 non
540 1748 603 1790 vivet.
634 1747 743 1790 Caeterum
761 1748 828 1801 ipsum
847 1745 962 1799 praesidem
979 1749 1061 1798 oportet

95 1815 168 1856 medici
182 1815 251 1857 locum
264 1821 348 1871 tenere,
365 1828 408 1857 non
423 1821 491 1858 autem
506 1817 565 1859 ferae
579 1818 658 1860 bestiae
673 1817 766 1858 furorem
782 1816 866 1858 habere.

151 1885 182 1929 lll.
212 1886 269 1928 Haec
282 1887 316 1929 illc
333 1886 415 1929 dicente
431 1888 471 1942 ego
488 1889 599 1942 procidens
621 1889 721 1943 rogabam
741 1900 798 1943 eum,
820 1886 936 1928 Gathedrac
956 1886 1058 1927 honorem

95 1964 115 2000 et
130 1962 253 2011 potestatem
269 1957 390 2012 deprecans.
427 1958 453 2000 At
473 1958 506 2000 ille
522 1959 639 2012 respondit:
658 1959 701 2000 Hac
722 1959 747 2000 de
765 1971 789 2000 re
809 1958 850 2000 noli
869 1969 902 1999 me
922 1968 993 1998 orare:
1017 1957 1057 1999 hoc

95 2029 147 2070 cuim
163 2028 208 2069 fieri
223 2033 320 2070 statutum
337 2034 379 2083 est,
396 2039 466 2082 eoque
480 2029 545 2082 magis
562 2029 617 2083 quod
634 2041 731 2081 excusas,
757 2017 804 2082 quia
827 2028 879 2069 llaec
896 2026 997 2069 Cathena
1015 2038 1058 2068 non

69 2105 147 2152 asopus
162 2098 224 2139 habet
239 2098 350 2140 temerario
367 2098 453 2141 sedendi
476 2099 496 2139 in
517 2111 541 2140 ea
560 2099 647 2153 cupido,
670 2098 708 2141 sed
728 2099 773 2141 viro
795 2098 886 2141 moribus
907 2103 979 2139 sancto
1001 2098 1056 2140 etin

96 2171 188 2212 doctrina
205 2169 292 2211 erudito.
323 2169 388 2211 Porro
404 2170 428 2211 da
444 2169 492 2211 mihi
506 2170 687 2225 praestantiorem,
713 2170 748 2224 qui
762 2169 807 2223 plus
823 2175 844 2211 te
862 2181 942 2211 mecum
957 2168 1055 2223 peregri-

94 2246 153 2281 natus
169 2241 241 2297 luerit,
260 2245 281 2282 et
295 2252 403 2283 sermones
419 2252 478 2283 meos
494 2240 593 2295 audierit,
616 2252 640 2281 ac
657 2239 764 2281 Ecclesiae
783 2240 979 2283 administrationem
1000 2238 1054 2280 didi-

94 2312 156 2363 ecrit,
172 2317 192 2353 et
207 2324 248 2353 non
264 2323 338 2367 cogam
353 2318 384 2366 te,
400 2312 505 2353 nolentem
520 2312 575 2354 hene
590 2324 660 2366 agere.
695 2310 736 2354 Sed
756 2323 797 2353 non
817 2311 895 2364 poteris
910 2322 964 2351 nunc
979 2310 1054 2352 melio-

93 2394 138 2423 rem
155 2394 215 2435 quiam
231 2387 252 2423 tn
268 2394 290 2423 es
306 2382 411 2424 exhibere.
447 2381 478 2423 'lu
499 2394 588 2436 namque
609 2383 663 2424 inter
685 2393 722 2424 eos
743 2382 778 2437 qul
798 2394 836 2436 per
856 2394 890 2422 me
913 2394 939 2422 ex
959 2382 1054 2435 gentibus

68 2453 171 2496 adservati
186 2458 241 2502 siunt,
255 2452 323 2493 locum
339 2454 461 2508 optimarum
476 2454 608 2507 primitiarum
624 2454 711 2496 obtines.
742 2453 782 2497 Sed
800 2459 820 2495 et
835 2452 888 2494 allud
899 2458 981 2506 reputa:
998 2452 1054 2506 quod

94 2524 111 2565 si
130 2522 210 2575 peccati
229 2523 342 2576 pericnlum
362 2529 457 2565 metuens
477 2523 584 2565 Ecclesiae
607 2523 779 2578 gubernationem
799 2535 842 2566 non
863 2522 959 2576 suscipis,
984 2528 1053 2564 certus

93 2598 139 2635 esto
155 2598 176 2634 te
192 2592 276 2645 amplius
291 2605 388 2650 peccare,
409 2595 444 2648 qui
459 2607 505 2635 cum
520 2594 588 2647 possis
603 2594 641 2635 Dei
657 2594 780 2648 cultoribus,
798 2595 855 2636 velut
873 2593 1017 2648 navigantibus
1033 2599 1053 2636 ct

92 2663 266 2718 periclitantibus,
283 2676 417 2718 succurrere,
432 2664 451 2705 id
467 2664 538 2706 facere
554 2676 648 2718 recusas,
668 2664 724 2718 quod
740 2669 797 2706 tuum
813 2669 845 2707 est
860 2664 965 2706 dumtaxat
980 2665 1052 2706 consi-

94 2736 178 2791 derans,
196 2739 216 2775 et
232 2744 274 2774 non
290 2734 344 2788 quod
360 2736 380 2775 in
401 2748 511 2778 commune
531 2735 625 2776 omnihus
651 2735 738 2789 expedit.
774 2735 833 2783 chod
852 2740 920 2776 autem
939 2735 1051 2789 periculum

124 2863 141 2901 1.
172 2858 207 2912 γῆς
223 2860 247 2909 G,
270 2854 280 2897 ό
300 2858 334 2899 τόν
356 2861 390 2915 τῆς
410 2864 472 2902 maluit
488 2865 506 2903 S.
538 2861 560 2898 Et
584 2861 630 2900 Cod.
646 2863 692 2910 Reg.
710 2863 759 2900 804.
775 2863 812 2900 Glr.
829 2863 880 2900 llom.
897 2863 925 2911 lll,
943 2864 975 2900 65.
1007 2864 1050 2900 Tum

92 2919 139 2969 Epit.
155 2932 170 2957 c.
201 2922 228 2958 45
245 2923 264 2955 nt
280 2918 300 2957 Ο.
584 2918 646 2959 πλέον
662 2920 683 2958 0.

123 2982 141 3018 2.
166 2975 244 3030 ἀπέχειν
252 2978 278 3015 Cl.
288 2982 351 3015 contra
360 2977 418 3015 Godd.
427 2979 558 3016 succoritatcm.
613 2984 631 3017 c.
662 2973 734 3029 δανηση
750 2979 774 3026 O,
790 2980 820 3028 qui
836 2980 877 3017 dein
894 2976 994 3031 κρίισονα,

92 3039 184 3085 Deceptus
200 3043 228 3075 est
243 3038 255 3076 S
272 3037 296 3074 de
311 3036 392 3074 lectione
408 3037 501 3076 Cotelerii.
612 3041 631 3075 7.
661 3037 736 3075 ltaOet
742 3039 777 3075 duc
786 3039 844 3076 Codd.
851 3037 909 3086 Regii,
921 3036 960 3077 εἶθ
970 3050 993 3076 ex
999 3040 1049 3079 Turr.

122 3099 140 3133 3.
171 3092 252 3146 ἐδεόμην
269 3095 290 3135 0.
583 3107 617 3145 pro
628 3096 685 3145 Epist.
702 3096 767 3134 Pontii.
778 3098 799 3146 tt,
815 3101 846 3135 14.
874 3096 919 3135 Dein
931 3097 1010 3149 λογίσαι
1026 3098 1047 3136 O.

121 3158 140 3192 4.
170 3150 196 3206 μή
211 3169 234 3204 με
250 3154 269 3194 G.
612 3157 632 3193 8.
661 3151 679 3193 εἰ
693 3155 746 3193 deest
760 3155 778 3193 ln
793 3156 839 3195 God.
855 3156 907 3195 Hom,
922 3157 978 3194 Paris.

122 3217 140 3253 5.
170 3211 299 3265 φιλομαθοῦς
320 3222 358 3249 var.
378 3208 420 3248 lect.
439 3210 519 3249 Turriani
541 3217 559 3250 et
614 3217 632 3252 9,
663 3208 687 3252 cd
703 3213 723 3251 G.
