2276 3612
116 245 161 293 mn,
179 248 271 285 12-14.
575 242 617 286 290

172 361 214 404 XII.
245 361 290 404 Καὶ
307 355 319 401 ὅ
335 357 421 411 ,Πέτρος
436 359 489 413 ἔφη·
506 354 538 412 μη“
554 353 615 413 η’μοὶς
632 355 714 402 νικύτω
729 357 743 414 ἦ
758 354 837 408 κακία,
853 354 968 411 πρόφασιν
980 350 1076 410 εύρούαα

114 426 157 485 την
176 427 285 485 πρόνοιαν
300 428 334 471 καί
352 422 459 481 τεκούσης
476 423 585 483 στοργήν·
608 425 664 472 ddici
684 420 854 484 μαλλονύμεῑς
877 420 936 480 κοίγιύ
958 420 1000 470 σύν
1022 420 1077 479 ύμῖν

116 499 267 554 διαμείνωμεν
283 491 324 553 την
346 491 444 551 σημερον
460 499 484 539 ἐν
500 497 614 555 νηστείηῙ,
637 499 674 543 καί
698 497 776 553 αύριον
796 490 988 551 Ιοάπτισθησεται,
1025 489 1077 539 odd&

114 566 157 624 γαίρ
172 565 186 623 η
202 565 246 625 ὥρα
263 568 302 622 της
317 562 416 620 σήμερον
431 562 516 622 ἡμέρας
532 565 657 623 ἐπιτήδειός
672 569 778 615 ἐστινείς
793 564 925 623 βάπτισμα.
960 566 995 609 καί
1018 560 1077 619 ὁμῶς

91 645 99 676 5
117 635 185 685 οὕτως
200 637 308 691 γενέσθαι
324 638 345 678 οὶ
362 633 448 684 ποίντες
464 635 668 694 σννεκιδοκησαμεν.
694 691 697 696 ¹

171 706 222 748 XIII.
254 701 331 761 Αύτης
354 702 395 749 οὖν
418 704 475 761 τηῗς2
498 707 594 763 ἑσπέρας
617 711 657 765 της
674 710 762 766 Πέτρον
784 709 805 750 οἱ
827 702 913 754 παντες
934 703 1077 757 διδασκαλίας

114 772 280 831 ιίπηλαύομεν,
303 773 434 824 δεικνύντος
452 773 508 832 ἡμῖν
528 779 551 821 ἐκ
572 781 611 835 της
626 778 683 824 κατὰ
704 777 747 834 την
761 777 847 833 μητέρα
865 774 1009 832 προφιλσεως,
1031 773 1076 817 τίνι

115 846 170 904 λόγῳ
186 844 214 891 τιί
231 846 283 902 τέλη
298 847 338 901 της
354 843 501 903 σωφροσύνης
517 844 587 900 καλοί,
603 845 630 892 τοί
647 850 669 893 δὲ
685 851 724 904 της
740 847 842 905 μοιχείας
858 842 946 905 χαλεποί
963 842 1018 889 ὅντα
1035 841 1076 900 ὅλῳ

113 917 191 974 γένει5
207 914 305 973 ύλεδρον
322 925 396 960 ποιεῖν
412 913 483 971 φύσιν
499 923 554 977 ἔχει,
575 914 617 963 κε’ίν
633 914 665 973 με)
682 919 774 976 ταχέως,
797 912 843 961 αλλ’
861 910 902 961 οὖν
917 933 941 973 γε
957 911 999 960 κείν
1018 917 1076 971 βρα-

89 988 174 1036 daddus.
204 988 239 1031 ε’πί
258 988 368 1031 τοσούτον
385 985 419 1037 δέ)
436 986 517 1042 φησίν,
533 985 560 1030 ταί
577 989 617 1044 της
633 985 779 1042 σωφροσύνης
795 981 881 1041 α’ρέσιιει
897 987 927 1043 τῷ
944 985 1003 1042 Θεῷ,
1025 980 1077 1027 ὅτι4

115 1059 150 1103 καί
167 1068 211 1106 τοῖς
227 1062 251 1101 ἐν
267 1054 345 1115 πλοίνη
363 1050 414 1101 oder
430 1054 539 1112 βραχεῖαν
555 1073 606 1099 τινα
622 1055 681 1111 ύπλρ
697 1051 768 1110 αύτης
791 1060 814 1100 ἐν
830 1057 859 1112 τοι
876 1057 919 1100 νύν
934 1056 976 1113 βίῳ
992 1050 1074 1098 uincet-

114 1148 152 1185 μει
168 1126 235 1188 χάριν
252 1124 271 1184 (ἦ
286 1123 329 1183 γοίρ
345 1131 388 1171 ἐκεῖ
403 1127 496 1182 σωτηρία
513 1125 594 1181 μόνοις
611 1136 655 1175 τοῖς
671 1123 706 1170 διαί
727 1124 769 1181 την
784 1130 815 1175 εἰς
837 1122 909 1170 αύτύν
931 1125 1010 1171 ἐλπίδα
1032 1126 1077 1180 βα-

115 1204 228 1242 πτισθεῑσι
245 1197 280 1239 καί
297 1194 413 1251 σωφρόνως
429 1195 631 1252 δικαιοπραγσύοιν
648 1195 800 1251 ἀποδίδοται).
830 1194 903 1252 ὥσπερ
917 1195 1026 1253 ἐγνώκατε
1039 1195 1075 1237 ε’πί

114 1270 153 1323 της
168 1263 279 1320 ύμετίρας
293 1262 378 1321 μητρὸς
393 1260 520 1322 γενόμενα,
545 1267 599 1322 λε’γω
615 1261 641 1322 δη
666 1263 693 1309 τοί
709 1267 744 1310 εἰιὶ
764 1268 822 1310 τέλει
842 1265 906 1310 καλοί.
947 1267 997 1314 ἴσως
1019 1265 1041 1308 δὲ
1058 1269 1077 1308 εἰ

90 1332 376 1396 15ἐ,ιιοιχησατο,είν,η’ρητο
393 1334 428 1380 σίν.
459 1331 491 1380 διύ
510 1332 688 1393 σωφρονησασαν
704 1335 798 1392 ἐλεήσας
814 1332 826 1380 ὁ
843 1337 900 1386 Θεὸς
916 1333 956 1381 νύν
972 1332 1019 1380 κατ’
1034 1333 1076 1379 αύ-

113 1408 152 1463 της
168 1402 310 1462 οίπὲοτρεφεν
326 1405 408 1462 φόνον,
424 1408 459 1452 καί
475 1404 502 1452 τοί
518 1406 675 1462 ἀφαιρεθέντα
691 1408 758 1451 τέκνα
775 1403 897 1451 οἷπέδωιιεν.

172 1477 222 1520 XIV.
252 1477 315 1541 Ἀλλ’
331 1481 375 1532 ἐρεῖ
398 1495 433 1526 τις
455 1480 518 1527 ἴσοις·
541 1477 608 1523 πύσοι
631 1474 667 1522 διαί
693 1477 842 1535 σωφροσύνην
866 1473 995 1528 οἷπώλοντο,Ι
1019 1477 1075 1533 φημὶ

113 1543 266 1605 οίναισθησίας
289 1547 363 1606 αἰτίη,
383 1544 423 1606 χρη
444 1543 488 1605 γαρ
508 1543 549 1604 την
577 1549 752 1605 αἰσθανομένην
772 1545 787 1603 ἢ
809 1545 939 1603 ἐρωμὲνον5
961 1543 1022 1595 τινος
1043 1544 1076 1601 ηδ

171 1686 213 1728 XII.
243 1686 293 1728 Tum
306 1686 391 1728 Petrus:
407 1686 453 1727 Non
469 1699 520 1742 nos,
536 1689 607 1743 Inquit,
623 1689 690 1729 vincat
704 1688 786 1744 malitia,
802 1693 932 1741 praetextum
948 1692 1007 1729 nacta
1022 1686 1076 1728 Ριο-

88 1757 222 1800 acvidentiam
239 1763 259 1799 et
275 1758 343 1799 matris
356 1756 461 1799 affectum:
477 1758 513 1800 sed
528 1759 593 1812 magis
608 1770 647 1801 vos
668 1764 688 1800 et
704 1771 744 1813 ego
761 1758 868 1801 vobiscum
889 1757 950 1799 hodie
965 1759 986 1799 in
995 1758 1075 1812 jejunio

112 1840 279 1883 pennanemnns3
295 1833 315 1869 et
331 1839 376 1871 cras
393 1828 534 1881 baptizabitur.
564 1827 637 1883 Neque
653 1829 708 1869 enIm
722 1827 887 1876 hodiernaejdiei
900 1817 950 1886 hera
967 1829 991 1870 ad
1007 1829 1075 1882 bapti-

113 1912 177 1942 smum
192 1904 238 1952 apta
255 1903 291 1939 est.
306 1931 307 1935 ,
321 1897 392 1953 Itaque
408 1900 437 1941 sic
452 1899 496 1941 fieri
513 1912 584 1941 cinnes
601 1901 751 1942 consensimus.

171 1968 221 2011 XIII.
252 1969 294 2010 Hac
311 1981 362 2023 ergo
378 1982 466 2024 vespera
483 1971 551 2012 cuncti
566 1969 621 2012 fruiti
634 1982 703 2012 sumus
711 1970 765 2012 Petri
774 1970 872 2021 doctrina,
890 1971 925 2025 qui
935 1970 993 2012 nobis
1003 1975 1076 2012 osten-

115 2041 142 2082 dit
158 2053 193 2095 per
210 2041 342 2082 occasionem
357 2041 436 2096 irretiris,
463 2053 504 2095 quc
524 2027 589 2082 mode
609 2040 718 2093 pudicitiae
740 2040 791 2082 fines
814 2041 926 2095 simitum,
951 2040 1001 2082 fines
1023 2052 1074 2081 vero

89 2112 221 2153 acmeechine
238 2110 340 2166 exitiales,
356 2116 377 2152 et
393 2112 419 2153 ita
436 2116 507 2153 natura
524 2112 646 2166 comparati¹
671 2116 692 2153 ut
712 2112 749 2152 toti
768 2112 842 2167 generi
858 2111 969 2164 pernicIcm
982 2111 1074 2165 interant,

59 2229 65 2235 .
115 2183 193 2225 eIIamsi
208 2194 250 2224 ιιοιι
266 2182 344 2235 statim,
360 2187 429 2223 tamen
444 2183 492 2223 licet
507 2182 571 2224 tarde.
602 2181 624 2222 In
640 2187 717 2223 tantum
733 2187 813 2237 antem,
828 2183 904 2236 inquit,
920 2182 1014 2236 pudicitia
1030 2182 1075 2223 Dec

114 2255 187 2309 placet,
202 2258 224 2294 ut
240 2254 300 2294 etiam
314 2252 356 2308 his,
373 2254 442 2306 quiin
458 2265 531 2295 cincre
547 2258 593 2294 sunt
609 2253 674 2306 positi,
690 2252 782 2294 nonnihil
797 2255 876 2307 gratiae
891 2265 929 2307 pre
945 2253 977 2294 illa
985 2253 1006 2293 in
1014 2265 1076 2307 prae-

115 2325 167 2366 senti
183 2322 277 2364 conterat
293 2323 339 2364 vita.
368 2322 419 2364 Nam
435 2324 502 2366 futura
519 2324 623 2366 beatitudo
640 2324 678 2366 iliis
694 2325 760 2367 solnm
778 2326 906 2380 retribuitur,
927 2326 961 2380 qui
982 2325 1076 2379 baptiuati

115 2400 162 2437 sunt
177 2397 261 2447 propter
277 2405 334 2447 spem
349 2395 369 2435 In
386 2407 442 2450 eum,
458 2383 534 2450 quique
550 2395 665 2450 pudicitiam
687 2401 707 2438 et
724 2397 823 2451 justitiam
844 2402 932 2439 servant.
970 2395 1075 2445 Quemad-

91 2464 197 2510 acincdum
213 2463 291 2505 vidistis
307 2476 359 2518 qnae
374 2466 432 2507 matri
452 2472 535 2508 vestrae
550 2467 692 2520 ecntIgcrunt,
715 2466 780 2521 bena,
801 2467 895 2522 inquam,
918 2478 971 2520 quae
993 2467 1013 2507 in
1036 2465 1076 2507 fine

115 2536 210 2579 obtinuit.
240 2534 301 2575 Fcrte
317 2536 401 2578 enimsi
418 2537 564 2591 adulterasset,
581 2551 593 2579 c
609 2537 675 2578 medio
691 2535 765 2578 fuisset
781 2537 865 2579 sublata.
897 2537 998 2585 Quocirca
1014 2536 1075 2590 pudi-

114 2619 159 2648 cam
176 2606 284 2647 miseratus
299 2606 355 2649 Deus
371 2620 444 2649 necem
460 2609 478 2650 ei
494 2609 632 2650 imminentem
648 2607 733 2661 avertit,
750 2612 770 2648 et
785 2607 863 2650 ablatos
879 2609 955 2650 liberes
972 2608 1043 2650 reddit.

173 2676 223 2718 XIV.
254 2676 329 2717 Verum
348 2678 437 2721 fortasse
457 2679 511 2720 dicet
534 2679 616 2732 aliquis:
640 2678 694 2726 Quot
715 2678 741 2719 ob
757 2677 871 2731 pudicitiam
894 2678 992 2732 periere?
1015 2678 1075 2719 Dicc:

115 2748 165 2796 Ouia
178 2758 220 2788 non
236 2753 352 2790 senserunt.
383 2748 443 2790 Certe
459 2748 513 2790 enim
529 2753 611 2802 opertet
625 2753 658 2802 ut,
679 2760 732 2802 quae
747 2748 808 2789 sentit
826 2749 913 2803 aliquem
930 2748 962 2789 vel
979 2749 1075 2790 amasium

148 2941 165 2977 I.
196 2933 230 2990 τὴν
245 2934 332 2991 σήμερον
347 2936 475 2991 διαμείνωμεν
488 2942 508 2980 c.
538 2939 583 2990 Epi·
638 2943 657 2977 4.
686 2940 772 2977 Fortasse
787 2935 850 2987 ὥστε,
874 2941 903 2979 vel
921 2936 1011 2980 ὅσον-
1027 2935 1077 2979 dnm

117 3003 166 3036 tome
182 3002 201 3034 ut
217 2996 238 3034 0.
608 2994 678 3048 νέμειν,
695 2997 714 3037 S.

147 3059 165 3095 2.
194 3054 229 3105 τῆς
244 3054 312 3093 inserui
328 3066 343 3092 c.
361 3055 382 3093 0.
639 3057 656 3094 5.
687 3053 790 3106 γενομέναν
806 3069 823 3106 ρ.
840 3052 851 3107 ἢ
866 3054 965 3108 ἐρωμεῑνοο
981 3058 1002 3096 Ο.

147 3116 165 3152 3.
194 3110 274 3165 χαλεποὶ
291 3107 351 3160 ὅντα,
375 3108 417 3153 ὅλα
439 3113 486 3164 γένει
507 3127 524 3164 p.
547 3127 583 3165 γα·
639 3117 657 3153 6.
688 3108 699 3163 i)
721 3116 762 3153 add.
779 3118 798 3154 D.
829 3117 873 3153 Tum
889 3111 923 3166 τὴν
941 3112 994 3168 πρὸς
1015 3111 1075 3155 αὐτὸν

117 3167 168 3209 λεπίι
184 3166 233 3210 ὅντα
249 3167 290 3221 ὅλῳ
303 3169 354 3224 γε’νει
370 3172 393 3211 Ο.
421 3174 463 3211 Tum
473 3169 583 3224 idrzs'rpcnc
608 3167 706 3222 ἐπιμιξίαν
723 3173 743 3212 O.

116 3243 134 3280 p.
152 3225 210 3279 φύσιν
225 3226 268 3281 ἔχει.
