2276 3612
92 217 106 267 1,
121 217 199 257 e-ro.
554 211 583 256 32

91 332 187 388 ἔχθραις
204 328 255 376 duct
271 332 313 377 νοό
332 333 363 379 εἰς
384 325 500 375 ’Ῑουόαέοιν
518 332 549 380 εἰς
568 326 742 385 Ἀλεξάνδρειαν
765 321 876 387 ηνέγθην·
901 327 935 371 aul
958 321 1049 380 όνέμαν

91 392 177 458 οἷπορέηι
190 402 312 461 έπιοχεθελς
327 404 371 445 suar
387 400 524 456 συνεφοέοαν
542 409 588 449 σοῖς
604 401 747 455 φιλοσόφοις,
768 398 803 441 nal
823 393 850 441 aa?
867 398 906 453 της
922 393 998 453 φημης
1013 394 1049 438 ναὶ

91 468 154 513 «ιον1
175 473 199 514 ἐν
213 467 294 528 Ῥώμη
314 469 427 526 φανέντος
447 472 523 527 ε”λεγον
545 468 598 520 νοός
614 467 699 528 λόγους·
735 472 756 514 οἱ
771 467 811 513 dl²
831 462 993 523 οἷπειιρίνανιο,
1014 463 1049 509 όνι

91 534 132 583 νόν
148 542 192 595 μὲν
207 544 231 584 ἐν
245 535 323 598 ‘Palmy
340 539 441 596 φανέντα
458 536 499 584 oda
515 540 594 595 ἴσμεν,
609 542 658 596 περὶ
673 539 696 584 (λέ
711 540 753 583 νον
768 542 792 582 έν
808 533 909 595 'scutula
924 537 1050 594 γευομένου

60 625 79 673 Ῡυ
93 609 128 653 καλ
145 610 197 655 etot
214 610 274 654 Θεοῦ
289 605 336 654 όπό
351 611 392 665 της
413 606 488 666 φήμης
510 611 645 666 λεγομένου,
665 609 701 655 ναὶ
724 607 785 667 παρέ
806 607 896 653 πολλῶν
917 608 961 653 τῶν
978 601 1050 666 uenat-

92 686 135 724 θεν
150 676 290 734 ἐληλυθότων
303 673 448 735 ἠκούσαμεν,
471 679 508 724 καὶ
530 681 580 738 περὶ
604 677 697 724 πόντων
716 669 748 723 da
768 680 841 724 λαλῶν
864 677 935 722 έποίει
956 683 1051 732 θαυμα-

94 749 146 795 σίων
161 743 288 803 ἐμάθομεν.
796 790 797 793 ,

149 817 182 860 ΙΧ.
212 814 289 872 'Eusori
304 816 327 862 dd
342 813 458 870 εἰπόντος,
473 816 560 876 ἢθελόν
575 835 620 865 σινι
637 828 753 878 συντυχεῖν
768 817 813 862 νῶν
828 813 955 873 ἑωρακότων
971 809 1051 864 αὐτόν,

92 883 166 937 adada
180 881 236 945 ἦγόν
252 906 282 943 με
302 887 416 944 laynam,
436 892 483 935 έσνι
505 907 538 939 αις
556 891 673 942 durande,
693 889 720 934 ου’
741 888 815 945 μόνον
838 882 958 943 ἱστορήσας
981 879 1052 927 ariade

66 955 148 1008 νοόλλοὶ
170 959 206 1002 aod
222 959 263 1014 τῆς
277 961 364 1001 ἐκεῖθεν
378 958 420 1013 γῆς
436 956 554 1019 ὑπόσχου,
579 956 636 1016 όνηρ
650 956 775 1017 Ἐβραῖος,
797 954 893 1014 όνόμανι
917 952 1052 1012 Βαρνάβας,

92 1023 115 1076 ιός
131 1027 167 1071 aul
188 1023 229 1072 ’ένα
252 1027 296 1072 ναόν
321 1024 395 1072 abaco
417 1031 529 1085 μαθητόν
550 1025 632 1073 ἑαυτόν
652 1029 710 1073 εἶναι
731 1031 799 1085 λέγει,
822 1030 859 1074 aot
882 1022 986 1076 ἐνταυθό
1007 1037 1052 1067 που

91 1092 248 1153 καθεζόμενος
263 1099 303 1154 της
318 1098 404 1143 ἐκείνου
420 1094 558 1157 ὑποσχέσεως
574 1095 630 1148 νοός
645 1100 724 1155 λόγους
740 1108 785 1148 σοῖς
800 1094 1053 1156 βουλομένοιςέιοέμυς

92 1169 158 1226 λέγει.
188 1170 224 1214 aul
238 1167 265 1227 θη
281 1171 399 1227 συνῆλθον
414 1169 498 1218 adroic.
529 1171 564 1214 ναὶ
581 1166 662 1221 ἐλθών,
678 1166 722 1214 σόν
737 1171 767 1227 aqi
783 1169 908 1224 παρεστῶσι
918 1163 974 1226 όχλφ
985 1168 1053 1220 ἕσνην

92 1234 209 1283 §acaciae
224 1239 269 1284 ναόν
285 1235 355 1297 λόγων
362 1273 370 1293 ‚
384 1240 421 1284 ιιαλ
441 1236 562 1285 συνενόουν
578 1236 688 1296 adaquat
704 1236 863 1295 οόιλιαλειπιυῄ
873 1236 941 1295 τέχνη
950 1234 1053 1291 λέγοντα,

67 1305 149 1360 malliaci
166 1303 251 1357 όνόνας
266 1310 302 1354 ναὶ
317 1304 521 1366 οἷπαφασιευόσνυς
536 1310 684 1366 ἐντιθέμενον
699 1308 714 1353 ol
730 1325 753 1352 ae
768 1306 849 1365 ἢκουσε
864 1307 901 1352 ναὶ
917 1302 998 1361 idonea
1013 1299 1054 1346 νόν

93 1378 134 1422 uon
151 1378 211 1422 Θεοῦ
228 1378 327 1435 φανέντα
343 1374 393 1422 υἱόν
409 1378 557 1434 πεποιηκέναι
572 1395 596 1423 τε
610 1378 647 1423 aet
659 1378 788 1436 εἰρηκέναι·
811 1372 912 1428 πολλοὺς
927 1374 950 1419 δέ
966 1369 1054 1428 μόνον·

96 1443 250 1503 paraclesim
267 1442 337 1492 adrat
358 1446 502 1504 tayopa’aaul
521 1448 660 1505 θαυμασίαν
682 1448 762 1492 assuat
778 1443 861 1505 λόγων,
884 1445 921 1490 aori
943 1447 965 1495 ἐξ
980 1439 1054 1487 adccc'

98 1517 140 1563 εον
156 1519 297 1573 παρεσιιόνος
313 1513 392 1576 ὄχλου,
408 1526 517 1576 παρεῖχεν.

155 1587 180 1631 X.
210 1583 306 1642 Ἐπειόη
322 1588 346 1632 δέ
361 1583 417 1644 πρός
433 1584 460 1633 ναὶ
476 1582 625 1646 ολπανυόργυς
640 1584 751 1646 λεγόμενα
771 1591 792 1632 οἱ
807 1583 866 1645 όχλοι
882 1581 967 1644 liddae?
987 1583 1054 1629 ιλιενέ-

73 1740 93 1774 ab
101 1730 168 1772 ventis
185 1728 339 1772 adversantibus
354 1739 391 1781 pro
406 1728 484 1770 Judaea
499 1728 644 1771 Alexandriam
660 1730 738 1786 appuli7
759 1730 794 1771 ubi
808 1734 916 1771 ventorum
931 1726 1055 1782 importuni-

100 1806 141 1842 tate
157 1799 251 1841 detentus
266 1799 291 1840 ad
308 1797 442 1852 philosophos
457 1799 590 1855 ventilabam,
605 1805 666 1854 atque
682 1812 728 1841 eum
743 1812 846 1841 rumorem
861 1809 1011 1852 sermonesque
1028 1797 1055 1838 il-

99 1871 138 1913 lius
153 1871 187 1924 qui
202 1869 280 1912 Romae
300 1869 355 1913 visus
378 1868 447 1910 luerat
468 1870 590 1913 referebam.
627 1870 654 1912 At
673 1870 699 1911 illi
720 1869 881 1924 responderunt:
905 1880 951 1909 eum
968 1866 1055 1921 quidem,

100 1941 135 1996 qui
149 1940 226 1982 Rornae
242 1940 342 1995 apparuit,
358 1939 473 1996 nescimus,
488 1940 514 1981 de
529 1940 562 1982 illo
579 1945 647 1982 autem
663 1941 698 1995 qui
713 1940 732 1981 in
748 1940 826 1982 Judaea
843 1939 898 1994 degit
913 1951 937 1980 ac
950 1936 1056 1980 FiliusDci

86 2025 110 2067 ,a
126 2011 178 2054 lama
194 2010 278 2066 dicitur,
295 2015 316 2052 et
330 2010 444 2053 audivimus
461 2023 472 2052 a
488 2011 554 2053 multis
572 2012 606 2065 qui
620 2011 673 2052 illinc
688 2011 783 2066 veniunt,
805 2009 865 2053 etde
882 2010 975 2052 omuibus
990 2009 1055 2051 mira-

74 2093 93 2127 aa
101 2081 151 2124 culis
167 2094 220 2135 quae
234 2080 339 2135 loquendo
355 2080 404 2122 facit
419 2081 541 2134 accepimus.

157 2151 191 2194 lx.
221 2150 313 2205 Cumque
335 2150 435 2192 dicerem:
460 2162 557 2203 cuperem
580 2150 672 2193 incidere
692 2150 713 2192 in
734 2150 822 2205 aliquem
843 2151 877 2203 qui
897 2162 943 2192 eurn
964 2150 1055 2208 vidisset,

101 2220 168 2264 statim
183 2220 286 2262 duxeruut
301 2233 343 2274 me,
360 2221 448 2262 aientes:
465 2225 495 2262 est
511 2220 543 2261 hie
559 2220 651 2276 quidam,
673 2221 708 2275 qui
729 2233 770 2262 non
790 2221 855 2264 solum
872 2221 920 2263 vidit
941 2235 1000 2278 eurnj
1020 2223 1057 2265 sed

103 2297 124 2334 et
139 2304 163 2333 ea
179 2303 204 2333 ex
217 2292 305 2345 regione
321 2291 420 2334 oriundus
437 2295 478 2345 est,
493 2291 524 2332 vir
539 2289 656 2345 Hebraeus,
672 2291 754 2333 nomine
769 2290 883 2341 Barnabas,
907 2292 941 2345 qui
961 2304 1057 2350 sequo-

103 2375 145 2418 que
160 2362 187 2403 ait
201 2373 263 2403 unum
279 2374 325 2404 esse
341 2375 368 2404 ex
382 2363 434 2404 illius
451 2361 562 2415 discipulis3
579 2366 599 2402 et
614 2361 646 2403 lric
661 2362 737 2404 sedens
752 2374 822 2403 rerum
839 2362 863 2403 ab
883 2362 927 2416 ipso
942 2365 1057 2417 promissa-

76 2442 148 2477 aorum
164 2443 269 2474 sermones
284 2432 400 2476 volentibus
422 2433 475 2475 ultro
497 2431 568 2473 refert.
603 2431 637 2484 El
650 2432 732 2486 quidem
751 2444 797 2474 crum
816 2432 840 2474 iis
861 2445 986 2488 progressus
1006 2447 1056 2479 sum.

102 2504 134 2546 Αυ
149 2501 235 2545 veniens
251 2514 294 2543 curn
311 2503 404 2545 adstante
419 2502 545 2544 mullitudine
569 2502 616 2544 steti
636 2514 744 2546 sermones
764 2502 860 2556 audiena
880 2509 942 2558 atque
961 2505 1057 2563 intellexi,

104 2587 154 2617 vera
170 2584 217 2614 eum
232 2584 274 2614 uon
288 2572 393 2625 dialectiea
409 2579 453 2616 arte
469 2573 548 2628 dicere,
569 2572 606 2616 sed
625 2573 670 2615 siue
691 2574 765 2615 malitia
782 2579 802 2615 et
817 2576 973 2629 praeparatione
990 2589 1057 2632 expo-

103 2658 164 2701 nere,
186 2655 240 2698 quae
255 2643 346 2687 audierat
362 2650 382 2687 et
403 2644 482 2686 viderat
503 2643 568 2685 aDel
588 2643 647 2698 Filio,
668 2645 702 2699 qui
722 2648 846 2697 conspectus
865 2645 941 2702 luerat,
961 2646 1015 2690 lacta
1039 2654 1059 2691 et

104 2716 163 2765 dicta.
193 2714 268 2756 lllultos
284 2720 350 2757 autern
364 2721 429 2759 testes
444 2714 589 2756 miraculorum
605 2720 625 2757 et
639 2727 773 2771 sermonum,
796 2716 820 2758 ab
837 2717 880 2771 ipso
903 2717 1012 2776 editorum,
1033 2734 1060 2763 err

79 2786 148 2841 teipsa
163 2786 224 2829 etiam
240 2785 347 2828 assistente
361 2788 422 2841 plebe
438 2786 572 2841 producebat.
923 2787 925 2790 ’

162 2857 186 2902 X.
218 2857 386 2911 Quandoquidem
401 2870 452 2901 vero
470 2857 495 2899 ad
511 2857 563 2899 dicta
577 2857 658 2898 minime
673 2856 759 2899 subdola
780 2859 866 2912 populus
887 2859 975 2901 libenter
990 2864 1059 2904 atten-

138 2968 155 3004 l.
185 2962 299 3007 καὶαοόΟ
316 2967 465 3015 oteueonject.
481 2967 505 3017 l),
520 2961 570 3018 μετὰ
597 2980 636 3010 κως
653 2967 701 3014 conj.
717 2966 739 3013 S,
753 2970 772 3004 ut
786 2966 824 3008 Rul.
842 2973 860 3006 ct
874 2966 920 3016 Epir,
937 2980 952 3008 c.
962 2972 980 3010 9.
1004 2970 1059 3009 Cete-

109 3023 144 3063 ιοῦ
160 3025 179 3064 G.
595 3037 634 3063 rum
650 3027 683 3064 elr.
698 3024 744 3062 infra
760 3021 898 3079 ἀπανοόργοις.

140 3086 157 3120 2.
188 3077 269 3124 ολιὈ.
299 3085 342 3122 Turn
357 3082 418 3121 addidi
433 3078 468 3121 ade
483 3088 524 3121 aute
537 3079 573 3134 μέν
626 3088 645 3123 l.
675 3084 725 3132 Lege
740 3082 853 3135 γενομένων.
869 3086 890 3123 D.

108 3152 125 3178 c.
142 3141 163 3178 0.
187 3140 213 3179 lta
227 3143 324 3191 legendum
336 3153 378 3180 esse
395 3146 446 3180 recte
460 3142 573 3181 obseruatS·
627 3146 645 3181 5.
674 3138 737 3194 ηόέυς
753 3140 772 3182 οἱ
786 3139 842 3196 όχλοι
857 3143 876 3180 G.

138 3202 156 3238 3.
185 3200 274 3253 ιιιληθης
289 3202 310 3243 0,
339 3203 382 3240 'lum
398 3196 469 3245 ἁπλῶς
486 3213 503 3250 p.
519 3198 568 3241 ἀνιό-
