2276 3612
582 246 596 290 4

107 355 179 405 πολλοί
198 359 310 405 occaecata
324 357 416 440 γραφῶν
433 358 580 437 ἐξοδευθῆναι
594 361 744 462 δυνηθέντες
779 359 834 408 acaci
850 358 894 421 γοίρ
909 359 948 407 τὸν
964 361 1065 416 παραδο-

105 429 180 475 θίννα
197 425 373 480 adcommodat
389 425 417 472 τοί
433 431 583 512 aovypqpoin
599 431 744 491 σίοιίμφιονα1
767 434 916 530 νιειρῶηταιρ
907 430 1065 514 μεταρρυθμί-

105 501 161 552 ζειν,
177 519 195 545 ιι
191 498 238 557 δη
252 517 287 549 τις
301 495 392 557 τυγὸνρ
395 518 417 557 ιη
412 496 534 554 εἰδολς
507 518 547 551 τας
563 501 700 561 παραδόσεις
715 524 787 565 ααρηη
803 499 877 561 αρόςῖ
892 520 933 553 τας
947 503 991 546 τῶν
1007 518 1064 556 ιιρο-

106 571 183 649 φητσλν
198 568 341 625 ιισλυσημοσς
361 582 447 624 φοινας
471 572 497 613 οὐ
521 577 597 618 ἕνεκεν
612 571 684 619 adduct
707 573 818 621 διδοίσιιειν
838 574 1010 628 integimentum,
1025 567 1064 615 εὀἳν

80 649 139 693 μη
154 654 264 695 προτερον
278 637 377 696 μαθι
393 658 441 691 νιος
456 639 487 684 δει
501 659 549 691 ταις
563 660 659 701 γραφαις
675 646 784 704 χρῆσθαι·
812 641 845 690 dici
866 644 934 688 aoniae
952 660 998 699 nep
1020 660 1065 687 αο-

106 717 151 757 τοῑς
167 706 197 757 εἷς
214 704 320 761 Θεὸς,
299 716 330 758 εἰς
347 709 430 765 νόμος,
447 710 490 765 μία
507 713 577 761 etate

163 778 185 819 ll.
211 774 264 822 Ἴνα
281 779 360 834 γούνλ
383 775 407 823 τὸ
427 777 507 835 ὅμοιον
530 783 565 826 καὶ
587 780 708 840 παρίᾇμῑν
725 785 818 840 γένηται
835 791 881 831 τοῖς
896 778 1064 837 ἑβδομήκοντα,

103 844 168 905 ἡμῶν
184 846 288 902 οἷδελφοῐς
304 845 345 898 κδς
364 850 460 905 βίβλους
479 867 525 905 μου
546 854 591 896 τών
612 850 762 909 κηρυγμάτων
785 849 822 902 δὸς
843 847 900 908 μετσί
921 851 962 894 τοι]
982 846 1063 906 ὁμοίου

103 918 142 973 της
163 914 250 975 ιὶγαιγης
275 920 411 975 μυστηρίου,
434 918 490 963 ἴνα5
510 921 546 966 καί
567 920 619 972 τούς
639 923 794 981 βουλομένους
814 917 839 966 τὸ
861 924 900 978 της
920 918 1063 967 διδασκαλίας

80 983 258 1039 ισιίνιιδίξασθαι
274 989 341 1045 με’ρος
356 987 529 1043 ε’φοδισῖζοισινθ·
555 993 603 1037 ἐπεὶ
621 990 660 1039 ἑοίν
675 988 708 1049 μη
724 991 794 1042 οὕτως
809 992 915 1048 γίνηται,
931 992 962 1039 εἰς
978 984 1063 1035 ιιολλοίς

101 1054 195 1113 γνώμας
211 1054 221 1102 ὁ
239 1058 278 1114 της
294 1055 404 1112 οἷληθέιάς
418 1055 484 1115 ἡμῶν
501 1060 667 1118 διαιρεθήσεται
684 1060 756 1119 λόγος.
787 1062 854 1106 τουτο
870 1060 893 1104 δὲ
909 1054 950 1118 οιίγ
966 1054 994 1108 οἷς
1006 1074 1063 1114 τρο·

102 1123 195 1185 φησιγς7
210 1125 240 1173 ιῖίν
256 1128 391 1181 εἰιίοτομαι·
407 1122 455 1171 αλλ’
470 1127 513 1188 η’δη
528 1129 602 1176 adecti
617 1132 657 1176 τοιλ
672 1134 743 1178 κακοῦ
760 1128 803 1189 την
819 1128 888 1189 ἀρχὴν
904 1125 967 1186 ὄρινα·
1003 1129 1063 1174 τινὲς
1122 1170 1125 1175 ,

101 1196 145 1253 γαρ
164 1201 207 1244 τών
230 1195 275 1242 οἷαί
296 1197 371 1241 ἐθνῶν
391 1195 416 1243 τὸ
441 1194 466 1241 δι’
488 1200 545 1254 epod
564 1197 666 1258 νόμιμον
684 1201 858 1258 οίιιεδοκίμασαν
882 1199 997 1257 κηρυγμα)
1021 1197 1062 1240 τού

101 1269 186 1327 ἐγθροιλ
202 1263 326 1323 ανθρώπου
342 1264 432 1325 ε’ίνομόν
451 1284 503 1315 τινα
523 1271 559 1314 καί
580 1272 698 1330 φλυαρώδη
722 1270 891 1330 ιιροσηκοίμευοι
909 1268 1062 1314 διδασκαλίαν.

77 1337 138 1381 tanat
154 1339 225 1382 ταυτα
241 1341 273 1381 ἔτι
288 1353 336 1392 μου
351 1336 469 1394 περιόντος
486 1340 632 1398 ἐπεχείρησαν
647 1360 718 1395 τινες,
733 1343 845 1391 ποικίλαις
861 1340 918 1384 τισίν
933 1337 1062 1396 ἑρμηνείαις

101 1403 156 1457 τοδς
165 1403 234 1463 ε’μοιλς
244 1402 323 1464 λόγους
331 1409 544 1467 μετασχηματίζειν,
553 1413 584 1460 εἰς
594 1408 636 1466 τὴν
644 1414 686 1457 τοι]
695 1412 769 1469 νόμον
777 1408 909 1457 κατάλυσιν
926 1405 953 1458 τίς
962 1408 996 1451 καί
1006 1406 1063 1462 ε’μοιλ

101 1550 137 1608 aut
153 1546 217 1601 abripi
232 1552 290 1590 entra
306 1549 360 1591 viam
376 1548 533 1604 scripturarum,
551 1561 610 1608 qnae
620 1551 682 1593 multa
698 1552 791 1593 innuunt.
822 1549 872 1591 Nam
887 1546 1000 1590 secundum
1016 1550 1060 1587 tra-

101 1616 163 1658 ditam
178 1617 227 1671 ipsis
241 1618 335 1673 reguiam
351 1621 498 1674 scripturarum
514 1620 597 1662 dissona
612 1622 703 1663 nituntur
714 1622 838 1674 reformare,
853 1619 870 1660 si
879 1619 924 1672 quis
933 1616 988 1659 forte
999 1616 1060 1677 igna-

99 1698 136 1729 rus
152 1687 283 1729 traditionum
299 1688 324 1731 ad
339 1689 488 1745 Prophetarum
504 1691 561 1732 varia
577 1690 716 1744 significantes
732 1702 797 1733 voces
814 1689 946 1743 obtorpescit.
975 1687 1061 1740 Propter

75 1757 157 1812 20quod
174 1759 249 1799 nemini
264 1759 342 1801 docere
357 1762 486 1818 permittunt,
507 1762 546 1804 nisi
567 1762 623 1815 prius
645 1775 686 1816 quc
707 1769 767 1817 pacto
787 1762 896 1815 Scriptnris
918 1761 944 1803 sit
962 1758 1060 1801 utendum

103 1828 201 1870 didicerit.
232 1828 281 1871 ideo
299 1831 352 1884 apud
367 1832 413 1875 iilos
430 1837 460 1874 est
475 1844 529 1874 unus
544 1832 613 1888 Deus,
630 1844 670 1874 una
685 1833 730 1888 len,
747 1845 794 1886 spes
810 1845 857 1874 una.

156 1898 178 1941 H.
209 1899 254 1947 Quo
270 1901 332 1953 igitur
348 1901 407 1944 simili
421 1901 483 1944 modo
500 1902 553 1956 apud
568 1913 607 1943 nos
622 1902 657 1943 fiat
673 1915 696 1944 ao
711 1902 749 1944 iliis
765 1902 908 1958 Septuaginta,
923 1902 999 1943 nostris
1014 1899 1059 1941 fra-

99 1972 163 2014 tribus
178 1972 242 2016 libros
257 1974 432 2026 praedicationum
448 1986 540 2015 rnearnrn
559 1973 603 2026 pari
620 1985 665 2014 cum
685 1973 765 2014 ratione
781 1972 873 2027 mysterii
893 1971 962 2026 trade,
985 1976 1007 2012 ut
1024 1972 1058 2011 in-

100 2047 179 2084 struant
195 2054 231 2084 eos
248 2044 282 2097 qni
298 2046 404 2099 suscipere
418 2056 492 2086 munus
508 2043 615 2085 doctrinae
630 2043 707 2086 volunt.
743 2043 913 2097 Quandoquidem
938 2043 954 2084 si
975 2042 1001 2083 ita
1017 2054 1058 2083 non

75 2111 130 2166 uniit,
145 2112 236 2155 veritatis
251 2124 320 2155 sermo
336 2120 408 2158 noster
424 2114 497 2155 multas
512 2114 533 2154 in
548 2114 655 2167 opiniones
671 2112 779 2154 dividetur.
809 2113 874 2154 Porro
885 2111 933 2153 illud
943 2123 985 2152 non
1002 2112 1060 2165 quasi

99 2184 136 2225 sim
151 2183 249 2236 propbeta
265 2184 318 2240 scio,
334 2184 370 2227 sed
387 2185 442 2239 quod
455 2185 498 2238 Jam
511 2184 589 2225 initium
611 2183 658 2224 mali
672 2183 735 2236 ipsius
754 2183 846 2225 viderim.
882 2181 984 2236 Siquidem
1003 2194 1059 2224 non-

99 2253 147 2295 nulii
164 2266 190 2294 ex
205 2251 302 2298 Gentibus
317 2256 405 2310 legalem
421 2267 487 2296 meam
503 2255 621 2309 rejecerunt
636 2253 820 2307 praedicationem,
837 2252 911 2294 inimici
923 2252 1011 2295 bominis
1019 2252 1060 2307 legi

99 2326 223 2366 contrariam
239 2325 345 2379 quanrdanr
367 2330 387 2367 et
402 2336 504 2379 nugacem
528 2324 641 2366 doctrinam
658 2323 750 2377 amplexi.
788 2322 857 2378 Atque
878 2323 929 2365 haec
950 2324 1060 2376 superstite

98 2408 132 2436 me
152 2399 282 2436 tentaverunt
301 2396 372 2452 aliqui,
397 2397 457 2438 variis
478 2394 681 2448 interpretationibus
696 2394 760 2435 verba
784 2406 830 2435 mea
852 2394 1012 2449 transformare,
1035 2394 1060 2435 ad

75 2465 229 2508 abeversicnem
244 2465 307 2520 legis,
323 2467 382 2521 quasi
398 2479 438 2521 ego
456 2467 516 2508 etiam
530 2466 558 2507 ita
574 2465 669 2520 sentiam,
685 2476 727 2507 non
742 2464 828 2507 audeam
843 2456 911 2506 tamen
926 2464 990 2507 libere
1006 2477 1058 2519 pro-

131 2590 149 2624 1.
181 2577 292 2636 ιλσίμφοινα
304 2587 317 2624 (λ
334 2599 356 2625 en
367 2589 452 2637 conject,
469 2583 567 2639 σύμφωνα
593 2586 640 2634 apud
648 2595 681 2624 nos
689 2586 719 2624 irat
727 2584 794 2623 nostris
802 2586 892 2635 fratribus,
907 2597 928 2624 ac
937 2584 973 2623 iilis
982 2585 1060 2633 Septua-

99 2645 124 2684 id.
140 2645 159 2683 in
174 2649 235 2694 tentn,
252 2650 271 2682 ut
287 2645 307 2683 O.
593 2645 662 2693 girran
695 2646 707 2683 S
718 2647 773 2683 rerba
784 2646 814 2682 illa
824 2646 878 2683 traxit
887 2647 909 2682 ad
921 2646 1018 2682 membrum
1028 2657 1059 2682 se-

130 2709 148 2742 2.
179 2699 219 2753 πρὸ
237 2703 258 2740 Ο.
594 2715 656 2752 quens.
686 2704 705 2741 ln
722 2704 736 2741 0
753 2709 795 2753 post
811 2699 908 2755 ἀδελφοῖς
920 2709 1010 2741 commate
1023 2715 1058 2741 non

131 2766 149 2800 3.
179 2757 245 2812 pddoa
266 2762 352 2802 Cininus
368 2771 424 2803 recte.
456 2763 490 2809 Qui
508 2762 568 2800 medio
594 2762 721 2812 distinguitur,
738 2775 797 2811 neque
812 2769 853 2801 ουλε
869 2759 929 2814 ημῶν,

101 2833 146 2859 uero
165 2821 224 2859 Codd.
240 2820 386 2874 descripseram,
403 2825 425 2861 ad
437 2835 491 2861 mmm
506 2833 568 2860 ornnes
624 2824 642 2859 5.
673 2815 704 2860 ba
720 2822 734 2860 Ο
751 2835 767 2861 o.
784 2823 833 2860 Turr.
850 2828 867 2861 et
882 2833 919 2859 var.
936 2821 978 2860 leet.
995 2833 1022 2870 np.
1039 2821 1057 2870 C,

101 2880 200 2918 itacismmn
209 2881 394 2931 sequentesideoque
406 2897 423 2921 οι
432 2883 565 2931 diphthongum
593 2880 611 2917 in
628 2882 662 2928 cuj.
678 2886 727 2919 tcntu
744 2882 801 2919 deest.

103 2940 238 2977 eodemmodo
256 2941 394 2986 pronuntiantes
411 2941 531 2980 abacorum
547 2954 565 2990 q,
622 2944 638 2977 θ.
669 2935 792 2990 ἐφοδιάζειν,
809 2934 930 2990 ε’φοδιοίζοισι
947 2937 994 2976 CO.
1023 2939 1059 2976 im-

103 2998 221 3044 Conjunetivo
229 2998 361 3046 curnOptatiro
369 3012 464 3048 perperam
472 2999 528 3037 mimo
537 2999 566 3036 lo·
591 3003 687 3046 porturmm
701 2999 747 3037 iliud
755 2995 869 3048 ἐφοδιάζειν
881 2995 951 3034 videtur
959 2995 976 3034 in
990 3002 1057 3036 tentum

103 3068 136 3094 eos
152 3069 225 3095 numero
236 3059 275 3095 sere
289 3057 429 3097 inmrmerabiies
440 3062 565 3107 corruperunt.
591 3056 688 3106 irrepsisse
702 3071 712 3095 e
725 3056 813 3106 margine,
829 3054 859 3094 uhi
876 3060 957 3093 notatum
973 3056 1031 3094 iuerat
1047 3069 1057 3094 a

133 3118 152 3153 4.
182 3115 246 3165 γοῦν
241 3118 405 3157 accessitenOet
413 3119 462 3157 anr.
473 3116 566 3155 berndec
592 3127 628 3153 non
653 3116 746 3154 incurioso
770 3116 850 3163 lectore,
875 3119 965 3163 tamqnam
986 3115 1058 3164 insigne

103 3179 156 3222 post
156 3169 479 3229 r‘ppmcddeirpcigcommnponit,t
481 3181 566 3224 otnmqre
592 3176 672 3215 terbum.
703 3177 739 3214 cn.
718 3175 805 3214 iH.om
821 3175 842 3223 H,
859 3175 922 3212 380

102 3233 164 3271 locum
179 3233 204 3271 rta
219 3234 373 3283 reiriaQuo
368 3234 493 3285 marsnam
509 3237 564 3273 modo
622 3237 640 3274 7
669 3234 760 3274 ItnaO
776 3235 827 3272 Turr.
843 3227 895 3278 αςὸ
916 3229 1003 3287 ιιροφίτι
978 3232 1055 3285 papst)
