2276 3612
564 213 606 256 396

498 363 624 410 OMJAJA
637 365 662 410 K
666 363 677 408 '.

157 470 171 514 Ι.
189 468 323 525 Νακνωρῖὃέ
341 469 464 519 dtur-'nonde
480 470 515 514 καί
532 471 653 521 ιλινπνίσας
669 471 737 528 ἡμᾶς,
753 468 874 517 καθεσθείς
890 469 996 525 συνήθως
1012 474 1063 527 ἔφη·

100 539 252 585 πννθαίνεσθέ
267 556 321 595 μου,
337 540 388 597 περὶ
404 533 435 584 ὧν
445 538 570 597 βούλεσθε.
602 544 638 587 καί
649 540 660 588 ὁ
672 542 790 601 Σαφωνίας
799 535 860 598 αὑπῷ
870 540 957 596 πρώιος
969 538 1062 597 ἦρξανο·

100 614 146 660 πώς
161 610 229 659 ὄννως
245 605 257 653 ὅ
273 611 324 667 περί
341 612 443 667 πονηρον
459 610 525 668 λόγος
539 615 596 671 ἔχει,
616 614 774 670 ἐπιθυμοῦσιν
796 607 851 668 ἡμῖν
867 616 955 666 μαθεῖν
973 607 1063 670 α’φιίγνΓ

85 672 146 729 οσαι.
182 680 219 724 καί
241 676 369 738 ὁΠέκρος·
392 679 436 737 r'p'drp
453 681 511 737 μέν,
534 685 589 739 ἔφη,
605 683 641 729 καὶ
659 681 694 728 dccl
711 684 751 739 τῆς
767 680 823 739 πρὸς
839 681 933 736 Σίμωνα
950 679 1063 735 διαλέξεως

98 751 205 806 έξέφφνα,
220 753 249 810 ap]
264 751 287 796 ιίέ
303 748 347 796 οὐν
361 752 446 808 ἑτέροις
462 753 595 808 κεφαλαίοις
615 751 643 799 καί
665 754 716 811 περὶ
737 749 810 798 αὐτον
827 752 940 810 εἰρηκέναι
956 751 984 796 οὐ
1000 751 1063 799 ποίνα

99 822 174 878 σαφῶς
188 823 314 880 ἐφωτίσθη·
340 819 413 868 πολλοὶ
435 818 478 881 ναίρ
499 821 779 884 κεφαλαιαιίσοολνναμεῖν
798 822 910 867 donodono
930 824 960 882 τῷ
981 817 1064 879 draca

98 887 172 937 αὐτοῦ
187 895 229 938 κού
245 888 348 950 αἷληθοιλς
364 904 408 944 κοῖς
424 894 512 940 πλείοσι
528 895 620 955 παρέχει
637 891 687 942 νινοί
703 894 792 952 γνῶσιν.
823 891 885 945 ὥστε,
902 889 1063 950 έοίννιίνιίριῑν

97 963 162 1012 εἴπω,
178 960 191 1006 ὀί
208 961 259 1008 κότε
275 960 333 1019 ,αεκοί
350 964 439 1010 πολλῶν
455 963 553 1022 cipridem}
569 966 696 1022 κεφαλαίων
711 966 740 1022 νῷ
757 964 856 1022 Σίμωνι,
871 960 904 1022 μὴ
920 966 1013 1021 vinariae
1025 966 1063 1025 ἴσφ

72 1028 159 1088 ίοαῦνφλ
175 1035 230 1090 σιμῇ
247 1035 394 1091 νεκιρωλσθαι.
426 1035 462 1079 καί
480 1032 492 1079 o‘
509 1036 640 1092 Σοφωνίας·
660 1030 747 1092 ὀρθῶς,
762 1038 812 1091 ἔφη,
828 1035 911 1091 λέγεις·
929 1037 948 1078 εἰ
964 1035 1005 1079 ναν
1018 1034 1062 1092 polo

96 1098 152 1158 ἡμῖν
168 1107 190 1147 ἐκ
207 1104 297 1148 πολλῶν
314 1106 358 1148 κων
375 1103 426 1149 κότε
447 1107 572 1162 εἰρημένων
593 1106 720 1162 κεφαλαίων
737 1099 861 1162 αίφορίζεις,
885 1100 943 1149 nord
964 1100 989 1148 ed
1011 1104 1062 1162 σίλφ-

96 1176 140 1224 θές
157 1171 260 1229 ποικίσεις
276 1173 440 1232 φανερώτερον.

154 1244 176 1287 Il.
207 1243 254 1289 Καὶ
271 1243 283 1288 o‘
299 1245 398 1302 Πέτρος1
416 1241 540 1295 duodenos,
560 1248 614 1300 ἔφη,
631 1246 754 1301 κοιγαροαν
773 1244 813 1299 τῆς
829 1242 878 1297 περί
895 1244 937 1288 κού
960 1250 1061 1304 πονηροῦ

96 1310 210 1371 ιίρριονίας
226 1309 268 1372 κῆν
285 1311 406 1372 ἀλήθειαν.
448 1311 531 1363 ἅθἐές
555 1310 596 1358 ιλείο
619 1315 738 1370 βασιλείας
761 1312 838 1369 ὁρίσας
857 1314 895 1358 καί
916 1313 956 1359 ddo
977 1316 1061 1366 αἰοίνας

71 1397 91 1432 15
98 1382 250 1442 σννεσαήσακο
256 1418 263 1437 ,
278 1386 357 1442 κρίνας
372 1389 401 1445 αφ
417 1387 507 1444 πονηρῷ
523 1383 631 1430 ιλειλὸοθαι
646 1382 687 1430 νίν
702 1383 806 1445 παρὸνοα
823 1380 909 1440 κόσμον
925 1383 961 1429 <td
980 1380 1005 1429 τὸ
1021 1403 1062 1441 μι-

96 1453 150 1512 κρόν
164 1474 189 1501 κε
205 1452 276 1500 αὐτὸν
292 1456 351 1501 εἶναι
366 1458 402 1502 καί
419 1457 574 1516 παρέρχεσθαι
590 1450 662 1508 ὀξέως,
677 1457 707 1514 πω
723 1457 745 1500 dl
762 1452 843 1513 apocal
860 1452 937 1499 σωσειν
951 1454 1060 1516 delapsae

97 1522 138 1570 κέν
154 1526 268 1582 μέλλοντα
285 1527 370 1578 aidau,
386 1524 426 1571 ίίκε
442 1524 469 1585 dr}
483 1527 557 1581 μέγαν
573 1522 628 1569 dora
646 1525 682 1569 καί
700 1523 780 1570 dadam».
819 1521 860 1569 κὸν
876 1520 918 1570 οὖν
935 1524 1061 1584 ἄνθρωπον

98 1591 249 1649 αὐτεξούσιον
261 1597 376 1653 ἐποίησεν,
390 1593 561 1654 έπινηιίειὸκφνα
573 1599 653 1654 ἔχοντα
669 1590 751 1647 ναίειν,
768 1592 824 1652 πρὸς
840 1593 866 1645 dc
879 1595 986 1653 βούλεται
1001 1597 1060 1653 προί-

97 1670 147 1718 ξεις.
185 1669 221 1713 καί
237 1661 262 1710 κέ
278 1668 405 1724 patrocimo
422 1662 495 1714 edred
513 1667 558 1712 έσκί
579 1666 695 1723 νριριερές,
718 1671 742 1712 dn
758 1669 853 1724 θηλείας
868 1670 920 1726 έχον
938 1663 982 1724 arpo
996 1669 1060 1724 γένε-

494 1885 602 1930 HOMILIA
617 1886 660 1929 XX.

151 2008 165 2052 Ι.
196 2010 234 2051 Ubi
254 2014 317 2051 noctu
341 2008 442 2062 surrexit,
469 2008 528 2049 nobis
551 2006 704 2061 expergefactis
726 2006 820 2049 consedit
843 2006 956 2049 secundum
982 2022 1060 2052 morem

95 2085 114 2121 et
130 2080 189 2122 dixit:
207 2079 338 2132 Interrogate
360 2090 402 2132 me,
426 2077 451 2118 de
467 2078 541 2131 quibus
556 2077 618 2120 lubet.
655 2077 705 2118 Tum
721 2076 836 2130 Sophonias
857 2079 934 2131 primus
956 2079 975 2120 ei
990 2079 1059 2121 dicere

93 2151 178 2204 incepit:
198 2151 282 2205 Explica
298 2148 358 2191 nobis
375 2150 455 2192 discere
471 2150 609 2204 cupientibus,
633 2149 681 2202 quid
701 2161 775 2203 reapse
797 2149 823 2189 de
843 2149 895 2191 malo
917 2150 943 2191 sit
964 2151 1058 2192 sentien-

94 2222 148 2263 dum.
189 2222 215 2263 Et
234 2223 318 2263 Petrus:
341 2221 399 2278 darn,
423 2221 498 2276 inquit,
525 2221 546 2261 in
565 2221 703 2274 disputatione
723 2232 768 2260 oum
790 2219 873 2262 Simone
891 2221 959 2263 habita
979 2220 998 2261 irl
1019 2220 1059 2262 de-

69 2293 218 2347 25monstravi,
238 2293 287 2334 lieet
307 2292 369 2333 variis
388 2293 409 2333 in
430 2292 521 2346 capitulis
544 2304 586 2333 non
607 2293 718 2347 perspicue
742 2294 883 2349 apparuerint,
908 2306 961 2347 qrrae
975 2294 1010 2340 ,de
1033 2306 1058 2335 eo

94 2364 189 2406 disserui.
229 2363 292 2405 lllulta
319 2364 394 2417 quippe
419 2363 505 2417 capitula
528 2364 600 2417 quibus
625 2363 656 2405 vis
678 2363 753 2405 deesse
776 2363 857 2406 videtur
880 2376 947 2418 aequo
965 2366 1058 2414 ueritati,

93 2437 154 2477 etiam
170 2434 293 2478 multitudini
308 2434 400 2476 notitiam
421 2435 508 2488 aliquam
529 2435 575 2475 veri
597 2433 736 2487 suppeditant:
756 2434 783 2474 ita
799 2435 852 2476 atsi
871 2446 925 2476 nunc
944 2434 1004 2477 vobis
1025 2435 1058 2476 di-

93 2519 151 2561 cam,
174 2518 229 2560 quae
249 2510 292 2546 tum
310 2504 388 2547 Simoni
408 2505 449 2546 dixi
468 2505 585 2559 permulta
608 2505 705 2560 capitula,
725 2504 790 2546 nolite
809 2505 905 2560 credere,
926 2518 965 2548 vos
982 2507 1057 2548 eodem

93 2577 155 2620 modo
182 2576 282 2618 honorari
309 2588 332 2616 ao
358 2576 419 2618 illurn.
471 2576 497 2617 Et
519 2575 643 2629 Soplronias:
674 2577 748 2630 Recte,
776 2576 852 2631 inquit,
880 2576 941 2628 dicis;
970 2589 1017 2618 nam
1041 2579 1058 2618 si

69 2657 148 2691 annuns
162 2647 223 2689 nobis
239 2659 266 2687 ex
281 2646 347 2688 multis
365 2652 413 2688 tunc
433 2645 537 2701 perhibitis
557 2647 648 2699 capitulis
669 2646 752 2701 definis,
771 2646 824 2700 qrrod
845 2659 918 2689 verum
939 2648 964 2690 sit
983 2647 1057 2690 clarius

91 2719 197 2763 ostendes.

150 2790 173 2833 ll.
205 2789 256 2831 Tum
271 2788 355 2829 Petrus:
373 2787 416 2829 Jam
432 2788 511 2843 audite,
531 2788 606 2842 inquit,
628 2787 733 2829 veritatem
758 2785 855 2829 derecta
878 2787 924 2829 ldali
943 2787 1056 2830 hannonia.

93 2863 150 2904 Deus
167 2861 247 2903 duobus
264 2858 334 2914 regnis
356 2857 441 2901 delinitis
465 2860 506 2902 dno
529 2871 614 2914 quoque
638 2870 689 2900 aera
712 2857 825 2914 constituit,
848 2858 901 2901 illalo
923 2866 1056 2912 praesentem

95 2932 192 2974 mundum
207 2931 330 2986 adsignans,
346 2930 393 2984 quia
408 2931 476 2974 brevis
491 2931 590 2984 temporis
607 2930 694 2983 spatium
710 2935 817 2981 permanet
831 2930 969 2984 celeriterque
978 2933 1056 2987 transit,

69 3004 148 3045 athone
165 3009 233 3045 autem
249 3014 272 3044 se
289 3002 383 3044 daturum
398 3003 489 3055 promisit
503 3002 601 3044 mundum
616 3002 720 3051 futurum,
735 3002 834 3054 grandem
850 3003 925 3055 quippe
941 3007 1002 3056 alque
1017 3016 1055 3045 ae-

93 3079 180 3115 ternum.
217 3073 248 3114 Ae
263 3072 367 3115 hominem
382 3074 460 3114 creavit
474 3073 539 3115 libero
556 3072 640 3114 arbitrio
659 3070 783 3127 praedirum,
807 3077 829 3114 ut
851 3072 948 3113 facultate
968 3075 1056 3127 polleret
1135 3088 1137 3091 ’

93 3144 201 3186 inclinandi
217 3144 242 3186 ad
258 3144 350 3200 agenda,
367 3154 422 3197 quae
438 3143 457 3184 ei
471 3143 583 3196 placerent.
614 3142 639 3183 Et
655 3152 730 3192 corpas
747 3141 790 3194 eJ'ns
807 3142 927 3196 tripartitum
943 3149 985 3199 est,
1009 3152 1072 3186 oum·
1134 3140 1136 3163 ³

98 3213 201 3274 originem
219 3214 279 3257 ducat
295 3227 321 3257 ex
337 3215 439 3272 leminec3
461 3226 505 3256 nam
525 3213 620 3255 allectum
637 3216 668 3253 est
684 3211 802 3267 cupiditate,
822 3214 864 3268 ira,
885 3213 941 3256 luctu
964 3219 984 3257 et
1007 3228 1060 3272 quae
