<?xml version="1.0" encoding="UTF-8"?>
<!DOCTYPE html PUBLIC "-//W3C//DTD XHTML 1.0 Transitional//EN"
    "http://www.w3.org/TR/xhtml1/DTD/xhtml1-transitional.dtd">
<html xmlns="http://www.w3.org/1999/xhtml" xml:lang="en" lang="en">
 <head>
  <title>
</title>
<meta http-equiv="Content-Type" content="text/html;charset=utf-8" />
  <meta name='ocr-system' content='tesseract 3.04.00' />
  <meta name='ocr-capabilities' content='ocr_page ocr_carea ocr_par ocr_line ocrx_word'/>
</head>
<body>
  <div class='ocr_page' id='page_1' title='image "MN41653ucmf_3_0355.png"; bbox 0 0 2276 3612; ppageno 0'>
   <div class='ocr_carea' id='block_1_1' title="bbox 532 253 1031 302">
    <p class='ocr_par' dir='ltr' id='par_1_1' title="bbox 532 253 1031 302">
     <span class='ocr_line' id='line_1_1' title="bbox 532 253 1031 302; baseline -0.004 -11"><span class='ocrx_word' id='word_1_1' title='bbox 532 254 572 298; x_wconf 82' lang='lat'><strong>331</strong></span> <span class='ocrx_word' id='word_1_2' title='bbox 936 253 982 302; x_wconf 87' lang='lat' dir='ltr'><strong>xvr,</strong></span> <span class='ocrx_word' id='word_1_3' title='bbox 997 255 1031 290; x_wconf 84' lang='lat'><strong>20.</strong></span> 
     </span>
    </p>
   </div>
   <div class='ocr_carea' id='block_1_2' title="bbox 0 361 1056 1135">
    <p class='ocr_par' dir='ltr' id='par_1_2' title="bbox 0 361 1056 1135">
     <span class='ocr_line' id='line_1_2' title="bbox 121 361 1032 429; baseline -0.01 -11"><span class='ocrx_word' id='word_1_4' title='bbox 121 373 164 418; x_wconf 87' lang='lat' dir='ltr'><strong>XX.</strong></span> <span class='ocrx_word' id='word_1_5' title='bbox 191 366 234 416; x_wconf 70' lang='lat' dir='ltr'><strong>&#39;lde&#39;</strong></span> <span class='ocrx_word' id='word_1_6' title='bbox 242 371 256 424; x_wconf 87' lang='lat'><strong>¹,</strong></span> <span class='ocrx_word' id='word_1_7' title='bbox 272 376 311 428; x_wconf 80' lang='grc' dir='ltr'><strong>οἴῳ</strong></span> <span class='ocrx_word' id='word_1_8' title='bbox 325 371 382 429; x_wconf 64' lang='lat' dir='ltr'><strong>dea),</strong></span> <span class='ocrx_word' id='word_1_9' title='bbox 400 369 487 424; x_wconf 82' lang='grc' dir='ltr'><em>Σίμων,</em></span> <span class='ocrx_word' id='word_1_10' title='bbox 502 365 630 429; x_wconf 75' lang='grc' dir='ltr'><em>οἷχαριστεῖν</em></span> <span class='ocrx_word' id='word_1_11' title='bbox 639 364 700 425; x_wconf 68' lang='grc' dir='ltr'><em>ἡμεῖς</em></span> <span class='ocrx_word' id='word_1_12' title='bbox 709 379 782 415; x_wconf 89' lang='grc' dir='ltr'><em>πεῖσαι</em></span> <span class='ocrx_word' id='word_1_13' title='bbox 792 367 880 415; x_wconf 75' lang='grc' dir='ltr'><em>θέλεις·</em></span> <span class='ocrx_word' id='word_1_14' title='bbox 896 364 931 409; x_wconf 80' lang='lat' dir='ltr'><strong>aot</strong></span> <span class='ocrx_word' id='word_1_15' title='bbox 942 361 1032 423; x_wconf 78' lang='grc' dir='ltr'><em>βαστά-</em></span> 
     </span>
     <span class='ocr_line' id='line_1_3' title="bbox 66 429 1032 522; baseline -0.013 -33"><span class='ocrx_word' id='word_1_16' title='bbox 66 450 94 500; x_wconf 79' lang='grc' dir='ltr'><em>ζει</em></span> <span class='ocrx_word' id='word_1_17' title='bbox 112 461 135 488; x_wconf 90' lang='grc' dir='ltr'><em>σε</em></span> <span class='ocrx_word' id='word_1_18' title='bbox 150 439 164 499; x_wconf 77' lang='grc' dir='ltr'><strong>η’</strong></span> <span class='ocrx_word' id='word_1_19' title='bbox 179 442 220 522; x_wconf 76' lang='grc' dir='ltr'><strong>γη,</strong></span> <span class='ocrx_word' id='word_1_20' title='bbox 243 441 332 492; x_wconf 69' lang='lat' dir='ltr'><strong>roardi</strong></span> <span class='ocrx_word' id='word_1_21' title='bbox 309 439 423 485; x_wconf 73' lang='grc' dir='ltr'><strong>δὲίδεῖν2</strong></span> <span class='ocrx_word' id='word_1_22' title='bbox 438 440 580 523; x_wconf 71' lang='grc' dir='ltr'><em>βουλομένη,</em></span> <span class='ocrx_word' id='word_1_23' title='bbox 604 440 638 488; x_wconf 69' lang='grc' dir='ltr'><strong>τίς</strong></span> <span class='ocrx_word' id='word_1_24' title='bbox 653 456 687 483; x_wconf 93' lang='grc' dir='ltr'><strong>σοι</strong></span> <span class='ocrx_word' id='word_1_25' title='bbox 704 435 731 483; x_wconf 79' lang='grc' dir='ltr'><strong>τῶ</strong></span> <span class='ocrx_word' id='word_1_26' title='bbox 748 439 816 497; x_wconf 81' lang='grc' dir='ltr'><em>ὃμοια</em></span> <span class='ocrx_word' id='word_1_27' title='bbox 835 443 928 494; x_wconf 81' lang='grc' dir='ltr'><em>φρονεῖν</em></span> <span class='ocrx_word' id='word_1_28' title='bbox 944 429 1017 490; x_wconf 81' lang='lat' dir='ltr'><strong>ool</strong></span> <span class='ocrx_word' id='word_1_29' title='bbox 985 451 1032 492; x_wconf 89' lang='grc' dir='ltr'><strong>ιη</strong></span> 
     </span>
     <span class='ocr_line' id='line_1_4' title="bbox 66 504 1032 585; baseline -0.011 -25"><span class='ocrx_word' id='word_1_30' title='bbox 66 513 126 560; x_wconf 69' lang='lat'><em>000³</em></span> <span class='ocrx_word' id='word_1_31' title='bbox 156 514 245 569; x_wconf 87' lang='grc' dir='ltr'><em>πρῶτος</em></span> <span class='ocrx_word' id='word_1_32' title='bbox 259 530 302 571; x_wconf 73' lang='grc' dir='ltr'><strong>γαρ</strong></span> <span class='ocrx_word' id='word_1_33' title='bbox 319 508 387 582; x_wconf 65' lang='grc' dir='ltr'><em>αὐτὸς</em></span> <span class='ocrx_word' id='word_1_34' title='bbox 402 504 567 566; x_wconf 72' lang='grc' dir='ltr'><strong><em>ἐτόλμησας,</em></strong></span> <span class='ocrx_word' id='word_1_35' title='bbox 555 529 566 555; x_wconf 92' lang='lat' dir='ltr'><strong>o</strong></span> <span class='ocrx_word' id='word_1_36' title='bbox 582 509 662 566; x_wconf 76' lang='grc' dir='ltr'><em>μυηθεὶς</em></span> <span class='ocrx_word' id='word_1_37' title='bbox 674 507 806 567; x_wconf 78' lang='grc' dir='ltr'><em>ἐτόλμησεν,</em></span> <span class='ocrx_word' id='word_1_38' title='bbox 822 508 911 565; x_wconf 83' lang='grc' dir='ltr'><em>πρῶτος</em></span> <span class='ocrx_word' id='word_1_39' title='bbox 922 506 1032 585; x_wconf 76' lang='grc' dir='ltr'><strong>ἐφθέγξω,</strong></span> 
     </span>
     <span class='ocr_line' id='line_1_5' title="bbox 1 574 1030 641; baseline -0.012 -11"><span class='ocrx_word' id='word_1_40' title='bbox 1 574 3 602; x_wconf 55' lang='lat'><strong>3‘</strong></span> <span class='ocrx_word' id='word_1_41' title='bbox 65 584 80 633; x_wconf 75' lang='grc' dir='ltr'><strong>οἳ</strong></span> <span class='ocrx_word' id='word_1_42' title='bbox 96 580 185 640; x_wconf 82' lang='grc' dir='ltr'><em>πρῶτος</em></span> <span class='ocrx_word' id='word_1_43' title='bbox 201 579 337 641; x_wconf 75' lang='grc' dir='ltr'><em>ἠκούσαμεν.</em></span> <span class='ocrx_word' id='word_1_44' title='bbox 372 599 455 639; x_wconf 78' lang='grc' dir='ltr'><em>πρῶτον</em></span> <span class='ocrx_word' id='word_1_45' title='bbox 474 581 511 625; x_wconf 79' lang='lat' dir='ltr'><strong>nol</strong></span> <span class='ocrx_word' id='word_1_46' title='bbox 530 578 599 635; x_wconf 86' lang='grc' dir='ltr'><em>μόνοι</em></span> <span class='ocrx_word' id='word_1_47' title='bbox 615 578 679 638; x_wconf 76' lang='grc' dir='ltr'><em>ἡμεῖς</em></span> <span class='ocrx_word' id='word_1_48' title='bbox 694 581 735 625; x_wconf 81' lang='grc' dir='ltr'><em>ε’πῖ</em></span> <span class='ocrx_word' id='word_1_49' title='bbox 746 579 792 638; x_wconf 63' lang='grc' dir='ltr'><strong>τῄ4</strong></span> <span class='ocrx_word' id='word_1_50' title='bbox 808 597 907 640; x_wconf 83' lang='grc' dir='ltr'><em>τοιαυτη</em></span> <span class='ocrx_word' id='word_1_51' title='bbox 923 593 964 622; x_wconf 93' lang='grc' dir='ltr'><strong>σου</strong></span> <span class='ocrx_word' id='word_1_52' title='bbox 979 592 1030 619; x_wconf 72' lang='lat' dir='ltr'><strong>oros</strong></span> 
     </span>
     <span class='ocr_line' id='line_1_6' title="bbox 65 645 1048 738; baseline -0.008 -39.496"><span class='ocrx_word' id='word_1_53' title='bbox 65 653 117 714; x_wconf 75' lang='grc' dir='ltr'><em>βειη</em></span> <span class='ocrx_word' id='word_1_54' title='bbox 131 651 174 710; x_wconf 77' lang='grc' dir='ltr'><strong>τήν</strong></span> <span class='ocrx_word' id='word_1_55' title='bbox 189 650 285 738; x_wconf 72' lang='grc' dir='ltr'><em>ἄπειρον</em></span> <span class='ocrx_word' id='word_1_56' title='bbox 300 655 341 697; x_wconf 82' lang='grc' dir='ltr'><em>τευ</em></span> <span class='ocrx_word' id='word_1_57' title='bbox 358 653 419 698; x_wconf 68' lang='lat' dir='ltr'><strong>&amp;aad</strong></span> <span class='ocrx_word' id='word_1_58' title='bbox 433 651 622 708; x_wconf 83' lang='grc' dir='ltr'><em>ματροθυμιαυ’</em></span> <span class='ocrx_word' id='word_1_59' title='bbox 615 649 780 707; x_wconf 80' lang='grc' dir='ltr'><em>ιστορήσαμεν,</em></span> <span class='ocrx_word' id='word_1_60' title='bbox 801 650 836 694; x_wconf 85' lang='grc' dir='ltr'><strong>ταὶ</strong></span> <span class='ocrx_word' id='word_1_61' title='bbox 853 647 894 694; x_wconf 80' lang='grc' dir='ltr'><strong>οὐκ</strong></span> <span class='ocrx_word' id='word_1_62' title='bbox 910 645 981 693; x_wconf 71' lang='grc' dir='ltr'><em>ἄλλον</em></span> <span class='ocrx_word' id='word_1_63' title='bbox 996 662 1030 688; x_wconf 89' lang='grc' dir='ltr'><strong>τι·</strong></span> <span class='ocrx_word' id='word_1_64' title='bbox 1039 659 1048 691; x_wconf 78' lang='lat' dir='ltr'><strong>a</strong></span> 
     </span>
     <span class='ocr_line' id='line_1_7' title="bbox 66 715 1031 779; baseline -0.011 -8.704"><span class='ocrx_word' id='word_1_65' title='bbox 66 741 144 779; x_wconf 82' lang='grc' dir='ltr'><em>νος,η</em></span> <span class='ocrx_word' id='word_1_66' title='bbox 137 721 202 769; x_wconf 80' lang='grc' dir='ltr'><strong>τού</strong></span> <span class='ocrx_word' id='word_1_67' title='bbox 217 724 335 772; x_wconf 71' lang='grc' dir='ltr'><em>κτίσαντος</em></span> <span class='ocrx_word' id='word_1_68' title='bbox 350 720 391 767; x_wconf 84' lang='grc' dir='ltr'><strong>τὸν</strong></span> <span class='ocrx_word' id='word_1_69' title='bbox 406 737 506 777; x_wconf 86' lang='grc' dir='ltr'><em>τοσμον,</em></span> <span class='ocrx_word' id='word_1_70' title='bbox 522 723 553 769; x_wconf 86' lang='grc' dir='ltr'><em>εἰς</em></span> <span class='ocrx_word' id='word_1_71' title='bbox 568 718 595 764; x_wconf 83' lang='grc' dir='ltr'><strong>ὃν</strong></span> <span class='ocrx_word' id='word_1_72' title='bbox 612 715 703 777; x_wconf 75' lang='grc' dir='ltr'><em>ῶσεβεῖν</em></span> <span class='ocrx_word' id='word_1_73' title='bbox 714 717 847 776; x_wconf 84' lang='grc' dir='ltr'><em>ἐτόλμησας.</em></span> <span class='ocrx_word' id='word_1_74' title='bbox 877 720 912 764; x_wconf 79' lang='grc' dir='ltr'><strong>καὶ</strong></span> <span class='ocrx_word' id='word_1_75' title='bbox 922 732 1031 779; x_wconf 79' lang='grc' dir='ltr'><em>χοσιιαυα</em></span> 
     </span>
     <span class='ocr_line' id='line_1_8' title="bbox 66 784 1031 855; baseline -0.009 -15.576"><span class='ocrx_word' id='word_1_76' title='bbox 66 796 106 855; x_wconf 73' lang='grc' dir='ltr'><strong>γης</strong></span> <span class='ocrx_word' id='word_1_77' title='bbox 122 791 162 839; x_wconf 81' lang='grc' dir='ltr'><strong>ουίι</strong></span> <span class='ocrx_word' id='word_1_78' title='bbox 177 791 287 852; x_wconf 77' lang='grc' dir='ltr'><em>ἐγενηθη,</em></span> <span class='ocrx_word' id='word_1_79' title='bbox 303 794 338 838; x_wconf 75' lang='grc' dir='ltr'><strong>ταὶ</strong></span> <span class='ocrx_word' id='word_1_80' title='bbox 355 794 400 848; x_wconf 69' lang='lat' dir='ltr'><strong>arrio</strong></span> <span class='ocrx_word' id='word_1_81' title='bbox 416 786 455 836; x_wconf 82' lang='grc' dir='ltr'><strong>ῶπ</strong></span> <span class='ocrx_word' id='word_1_82' title='bbox 471 788 571 848; x_wconf 80' lang='grc' dir='ltr'><em>ου’ρανσῶ</em></span> <span class='ocrx_word' id='word_1_83' title='bbox 587 786 616 834; x_wconf 87' lang='grc' dir='ltr'><strong>ου’</strong></span> <span class='ocrx_word' id='word_1_84' title='bbox 627 789 790 846; x_wconf 80' lang='grc' dir='ltr'><em>κατεπέμφθη,</em></span> <span class='ocrx_word' id='word_1_85' title='bbox 804 807 841 834; x_wconf 85' lang='grc' dir='ltr'><strong>ται</strong></span> <span class='ocrx_word' id='word_1_86' title='bbox 853 791 884 838; x_wconf 86' lang='grc' dir='ltr'><em>εἰς</em></span> <span class='ocrx_word' id='word_1_87' title='bbox 894 784 1031 846; x_wconf 76' lang='grc' dir='ltr'><em>ἐμπρησμὸν</em></span> 
     </span>
     <span class='ocr_line' id='line_1_9' title="bbox 67 854 1030 924; baseline -0.01 -12.65"><span class='ocrx_word' id='word_1_88' title='bbox 67 865 153 924; x_wconf 69' lang='grc' dir='ltr'><em>ἀνδρῶν</em></span> <span class='ocrx_word' id='word_1_89' title='bbox 169 861 209 909; x_wconf 81' lang='grc' dir='ltr'><strong>συίι</strong></span> <span class='ocrx_word' id='word_1_90' title='bbox 226 864 364 920; x_wconf 72' lang='grc' dir='ltr'><em>ἐπεξῆλθεν,</em></span> <span class='ocrx_word' id='word_1_91' title='bbox 379 865 415 910; x_wconf 85' lang='grc' dir='ltr'><strong>ταὶ</strong></span> <span class='ocrx_word' id='word_1_92' title='bbox 431 880 496 913; x_wconf 83' lang='grc' dir='ltr'><em>υετσς</em></span> <span class='ocrx_word' id='word_1_93' title='bbox 511 859 552 907; x_wconf 78' lang='grc' dir='ltr'><strong>οὐκ</strong></span> <span class='ocrx_word' id='word_1_94' title='bbox 569 859 699 919; x_wconf 73' lang='grc' dir='ltr'><strong>ἐπεσχέθη5</strong></span> <span class='ocrx_word' id='word_1_95' title='bbox 701 892 707 912; x_wconf 87' lang='lat'><em>,</em></span> <span class='ocrx_word' id='word_1_96' title='bbox 726 861 762 904; x_wconf 82' lang='grc' dir='ltr'><strong>καὶ</strong></span> <span class='ocrx_word' id='word_1_97' title='bbox 777 860 855 917; x_wconf 90' lang='grc' dir='ltr'><em>θηρῶν</em></span> <span class='ocrx_word' id='word_1_98' title='bbox 877 854 999 913; x_wconf 79' lang='grc' dir='ltr'><em>πληθος’</em></span> <span class='ocrx_word' id='word_1_99' title='bbox 984 855 1030 902; x_wconf 84' lang='grc' dir='ltr'><strong>απὸ</strong></span> 
     </span>
     <span class='ocr_line' id='line_1_10' title="bbox 0 926 1030 1011; baseline -0.011 -29"><span class='ocrx_word' id='word_1_100' title='bbox 0 992 3 1006; x_wconf 34' lang='lat' dir='ltr'>r</span> <span class='ocrx_word' id='word_1_101' title='bbox 67 938 142 995; x_wconf 67' lang='lat' dir='ltr'><strong>dova&#39;</strong></span> <span class='ocrx_word' id='word_1_102' title='bbox 117 954 156 982; x_wconf 82' lang='grc' dir='ltr'><strong>νυν</strong></span> <span class='ocrx_word' id='word_1_103' title='bbox 172 932 214 982; x_wconf 83' lang='grc' dir='ltr'><strong>ουίι</strong></span> <span class='ocrx_word' id='word_1_104' title='bbox 229 935 352 992; x_wconf 81' lang='grc' dir='ltr'><em>ε’πεμφθη,</em></span> <span class='ocrx_word' id='word_1_105' title='bbox 374 936 411 980; x_wconf 82' lang='grc' dir='ltr'><strong>καὶ</strong></span> <span class='ocrx_word' id='word_1_106' title='bbox 427 930 462 979; x_wconf 82' lang='grc' dir='ltr'><strong>ἐπ’</strong></span> <span class='ocrx_word' id='word_1_107' title='bbox 478 928 563 982; x_wconf 64' lang='lat' dir='ltr'><strong>adtolle</strong></span> <span class='ocrx_word' id='word_1_108' title='bbox 578 949 603 990; x_wconf 70' lang='grc' dir='ltr'><strong>ηρ</strong></span> <span class='ocrx_word' id='word_1_109' title='bbox 594 932 641 989; x_wconf 83' lang='grc' dir='ltr'><em>μῶς</em></span> <span class='ocrx_word' id='word_1_110' title='bbox 657 929 719 976; x_wconf 66' lang='grc' dir='ltr'><em>(θεῖ’</em></span> <span class='ocrx_word' id='word_1_111' title='bbox 710 936 750 976; x_wconf 80' lang='grc' dir='ltr'><em>ε’να</em></span> <span class='ocrx_word' id='word_1_112' title='bbox 759 926 947 1011; x_wconf 72' lang='grc' dir='ltr'><em>ῶμαρτρίυοντα</em></span> <span class='ocrx_word' id='word_1_113' title='bbox 949 927 978 979; x_wconf 85' lang='grc' dir='ltr'><strong>ῶς</strong></span> <span class='ocrx_word' id='word_1_114' title='bbox 993 931 1030 975; x_wconf 73' lang='grc' dir='ltr'><strong>ἐπὶ</strong></span> 
     </span>
     <span class='ocr_line' id='line_1_11' title="bbox 0 996 1056 1080; baseline -0.009 -26"><span class='ocrx_word' id='word_1_115' title='bbox 0 1059 2 1070; x_wconf 24' lang='grc' dir='ltr'>λ</span> <span class='ocrx_word' id='word_1_116' title='bbox 67 1024 169 1067; x_wconf 80' lang='grc' dir='ltr'><em>μοιχειας</em></span> <span class='ocrx_word' id='word_1_117' title='bbox 184 1008 353 1063; x_wconf 74' lang='grc' dir='ltr'><em>πνευματικῆς,</em></span> <span class='ocrx_word' id='word_1_118' title='bbox 376 1007 416 1063; x_wconf 82' lang='grc' dir='ltr'><strong>της</strong></span> <span class='ocrx_word' id='word_1_119' title='bbox 437 1022 494 1051; x_wconf 80' lang='lat' dir='ltr'><strong>noco</strong></span> <span class='ocrx_word' id='word_1_120' title='bbox 515 1020 586 1061; x_wconf 80' lang='grc' dir='ltr'><em>σαρκο</em></span> <span class='ocrx_word' id='word_1_121' title='bbox 607 998 727 1062; x_wconf 65' lang='grc' dir='ltr'><em>χείρονοςῦ</em></span> <span class='ocrx_word' id='word_1_122' title='bbox 750 996 911 1059; x_wconf 81' lang='grc' dir='ltr'><em>ῶπαρχσυσης,</em></span> <span class='ocrx_word' id='word_1_123' title='bbox 933 1016 947 1080; x_wconf 83' lang='grc' dir='ltr'><em>η</em></span> <span class='ocrx_word' id='word_1_124' title='bbox 970 999 1030 1043; x_wconf 87' lang='grc' dir='ltr'><em>Θεοα</em></span> <span class='ocrx_word' id='word_1_125' title='bbox 1037 1013 1056 1045; x_wconf 92' lang='lat' dir='ltr'><strong>1o</strong></span> 
     </span>
     <span class='ocr_line' id='line_1_12' title="bbox 0 1065 1030 1135; baseline -0.01 -11"><span class='ocrx_word' id='word_1_126' title='bbox 0 1074 3 1102; x_wconf 49' lang='grc' dir='ltr'>ἓ</span> <span class='ocrx_word' id='word_1_127' title='bbox 67 1075 120 1135; x_wconf 80' lang='grc' dir='ltr'><em>ὀργη</em></span> <span class='ocrx_word' id='word_1_128' title='bbox 136 1073 240 1134; x_wconf 79' lang='grc' dir='ltr'><em>ὀλέθριος</em></span> <span class='ocrx_word' id='word_1_129' title='bbox 256 1073 296 1121; x_wconf 81' lang='lat' dir='ltr'><strong>ov&#39;n</strong></span> <span class='ocrx_word' id='word_1_130' title='bbox 310 1074 400 1133; x_wconf 79' lang='grc' dir='ltr'><em>η’ρξατο</em></span> <span class='ocrx_word' id='word_1_131' title='bbox 435 1070 462 1120; x_wconf 80' lang='grc' dir='ltr'><strong>ου’</strong></span> <span class='ocrx_word' id='word_1_132' title='bbox 483 1074 526 1134; x_wconf 76' lang='grc' dir='ltr'><strong>γάρ</strong></span> <span class='ocrx_word' id='word_1_133' title='bbox 542 1077 602 1119; x_wconf 90' lang='grc' dir='ltr'><em>εστιν</em></span> <span class='ocrx_word' id='word_1_134' title='bbox 625 1068 698 1118; x_wconf 80' lang='grc' dir='ltr'><strong>ὁ7’</strong></span> <span class='ocrx_word' id='word_1_135' title='bbox 673 1089 723 1117; x_wconf 85' lang='grc' dir='ltr'><em>τοτε</em></span> <span class='ocrx_word' id='word_1_136' title='bbox 738 1067 867 1124; x_wconf 75' lang='grc' dir='ltr'><em>ἐπεξελθών</em></span> <span class='ocrx_word' id='word_1_137' title='bbox 883 1066 911 1115; x_wconf 80' lang='grc' dir='ltr'><strong>τῶ</strong></span> <span class='ocrx_word' id='word_1_138' title='bbox 926 1065 1030 1127; x_wconf 75' lang='grc' dir='ltr'><em>ἁμαρτη-</em></span> 
     </span>
    </p>
   </div>
   <div class='ocr_carea' id='block_1_3' title="bbox 0 1138 1031 1278">
    <p class='ocr_par' dir='ltr' id='par_1_3' title="bbox 0 1138 1031 1278">
     <span class='ocr_line' id='line_1_13' title="bbox 0 1138 1030 1229; baseline -0.01 -35"><span class='ocrx_word' id='word_1_139' title='bbox 0 1152 3 1207; x_wconf 65' lang='grc' dir='ltr'><em>ζ</em></span> <span class='ocrx_word' id='word_1_140' title='bbox 68 1164 129 1205; x_wconf 86' lang='grc' dir='ltr'><em>ματα</em></span> <span class='ocrx_word' id='word_1_141' title='bbox 146 1145 244 1229; x_wconf 56' lang='lat' dir='ltr'><strong>odaeum]</strong></span> <span class='ocrx_word' id='word_1_142' title='bbox 259 1148 294 1192; x_wconf 83' lang='lat' dir='ltr'><strong>ool</strong></span> <span class='ocrx_word' id='word_1_143' title='bbox 309 1149 350 1203; x_wconf 72' lang='grc' dir='ltr'><strong>γης</strong></span> <span class='ocrx_word' id='word_1_144' title='bbox 365 1163 453 1203; x_wconf 81' lang='grc' dir='ltr'><em>κτιστης</em></span> <span class='ocrx_word' id='word_1_145' title='bbox 463 1143 560 1197; x_wconf 82' lang='grc' dir='ltr'><em>Θεός;’</em></span> <span class='ocrx_word' id='word_1_146' title='bbox 550 1145 598 1191; x_wconf 81' lang='grc' dir='ltr'><em>επεὶ</em></span> <span class='ocrx_word' id='word_1_147' title='bbox 613 1144 650 1190; x_wconf 80' lang='grc' dir='ltr'><strong>καὶ</strong></span> <span class='ocrx_word' id='word_1_148' title='bbox 667 1146 711 1189; x_wconf 84' lang='grc' dir='ltr'><strong>νυν</strong></span> <span class='ocrx_word' id='word_1_149' title='bbox 726 1141 754 1188; x_wconf 80' lang='grc' dir='ltr'><strong>τοὶ</strong></span> <span class='ocrx_word' id='word_1_150' title='bbox 771 1142 866 1201; x_wconf 75' lang='grc' dir='ltr'><em>μέγιστα</em></span> <span class='ocrx_word' id='word_1_151' title='bbox 879 1138 1030 1200; x_wconf 80' lang='grc' dir='ltr'><em>βλασφημου-</em></span> 
     </span>
     <span class='ocr_line' id='line_1_14' title="bbox 0 1213 1031 1278; baseline -0.01 -13"><span class='ocrx_word' id='word_1_152' title='bbox 0 1246 3 1265; x_wconf 85' lang='lat' dir='ltr'><strong>l</strong></span> <span class='ocrx_word' id='word_1_153' title='bbox 67 1234 136 1278; x_wconf 86' lang='grc' dir='ltr'><em>μενος</em></span> <span class='ocrx_word' id='word_1_154' title='bbox 152 1213 179 1262; x_wconf 81' lang='grc' dir='ltr'><strong>τῶ</strong></span> <span class='ocrx_word' id='word_1_155' title='bbox 195 1220 289 1276; x_wconf 77' lang='grc' dir='ltr'><em>μέμονε</em></span> <span class='ocrx_word' id='word_1_156' title='bbox 306 1213 384 1273; x_wconf 80' lang='grc' dir='ltr'><em>ἐπεξηρ</em></span> <span class='ocrx_word' id='word_1_157' title='bbox 363 1233 442 1277; x_wconf 73' lang='grc' dir='ltr'><em>ηρ.χετο</em></span> <span class='ocrx_word' id='word_1_158' title='bbox 473 1213 529 1261; x_wconf 81' lang='grc' dir='ltr'><em>οἷλλῶ</em></span> <span class='ocrx_word' id='word_1_159' title='bbox 544 1211 846 1270; x_wconf 81' lang='grc' dir='ltr'><em>τοῶναντὶονμοιιιρσθυμεῖ,</em></span> <span class='ocrx_word' id='word_1_160' title='bbox 861 1207 1031 1269; x_wconf 83' lang='grc' dir='ltr'><em>ειςμετῶνοιαν</em></span> 
     </span>
    </p>
   </div>
   <div class='ocr_carea' id='block_1_4' title="bbox 0 1279 1056 1556">
    <p class='ocr_par' dir='ltr' id='par_1_4' title="bbox 0 1279 1056 1561">
     <span class='ocr_line' id='line_1_15' title="bbox 0 1279 1031 1352; baseline -0.009 -18"><span class='ocrx_word' id='word_1_161' title='bbox 0 1342 3 1352; x_wconf 34' lang='grc' dir='ltr'>Ι</span> <span class='ocrx_word' id='word_1_162' title='bbox 69 1288 140 1341; x_wconf 80' lang='grc' dir='ltr'><em>καλεῖ,</em></span> <span class='ocrx_word' id='word_1_163' title='bbox 155 1288 308 1334; x_wconf 72' lang='grc' dir='ltr'><em>συντελοῦντα</em></span> <span class='ocrx_word' id='word_1_164' title='bbox 324 1287 380 1343; x_wconf 72' lang='grc' dir='ltr'><em>βέλη</em></span> <span class='ocrx_word' id='word_1_165' title='bbox 395 1281 451 1342; x_wconf 76' lang='grc' dir='ltr'><em>προς</em></span> <span class='ocrx_word' id='word_1_166' title='bbox 467 1286 596 1331; x_wconf 74' lang='grc' dir='ltr'><em>συντέλειαν</em></span> <span class='ocrx_word' id='word_1_167' title='bbox 620 1286 664 1328; x_wconf 87' lang='grc' dir='ltr'><strong>τῶν</strong></span> <span class='ocrx_word' id='word_1_168' title='bbox 686 1279 773 1341; x_wconf 70' lang='grc' dir='ltr'><em>ἀσεβῶν</em></span> <span class='ocrx_word' id='word_1_169' title='bbox 795 1286 819 1328; x_wconf 80' lang='grc' dir='ltr'><strong>ἐν</strong></span> <span class='ocrx_word' id='word_1_170' title='bbox 839 1291 887 1332; x_wconf 89' lang='grc' dir='ltr'><em>τοῖς</em></span> <span class='ocrx_word' id='word_1_171' title='bbox 908 1288 1031 1339; x_wconf 71' lang='grc' dir='ltr'><em>θησαυροῖς</em></span> 
     </span>
     <span class='ocr_line' id='line_1_16' title="bbox 0 1350 1056 1419; baseline -0.006 -15"><span class='ocrx_word' id='word_1_172' title='bbox 0 1354 3 1419; x_wconf 51' lang='lat' dir='ltr'>J</span> <span class='ocrx_word' id='word_1_173' title='bbox 69 1354 208 1415; x_wconf 75' lang='grc' dir='ltr'><em>ῶπσκείμενα</em></span> <span class='ocrx_word' id='word_1_174' title='bbox 225 1362 292 1418; x_wconf 78' lang='grc' dir='ltr'><em>ἔχων,</em></span> <span class='ocrx_word' id='word_1_175' title='bbox 314 1355 330 1401; x_wconf 85' lang='grc' dir='ltr'><strong>οἵ</strong></span> <span class='ocrx_word' id='word_1_176' title='bbox 345 1357 521 1413; x_wconf 30' lang='grc' dir='ltr'><em>τιναεὲπαφησει</em></span> <span class='ocrx_word' id='word_1_177' title='bbox 538 1353 566 1406; x_wconf 87' lang='grc' dir='ltr'><strong>ῶς</strong></span> <span class='ocrx_word' id='word_1_178' title='bbox 583 1359 626 1412; x_wconf 85' lang='grc' dir='ltr'><strong>ζῶα</strong></span> <span class='ocrx_word' id='word_1_179' title='bbox 642 1362 747 1414; x_wconf 75' lang='grc' dir='ltr'><em>ἔμψυχα,</em></span> <span class='ocrx_word' id='word_1_180' title='bbox 767 1353 843 1399; x_wconf 78' lang='grc' dir='ltr'><strong>ὅταν8</strong></span> <span class='ocrx_word' id='word_1_181' title='bbox 858 1350 1056 1401; x_wconf 76' lang='grc' dir='ltr'><em>α’νταποθοῶναιιο</em></span> 
     </span>
     <span class='ocr_line' id='line_1_17' title="bbox 69 1419 1030 1486; baseline -0.007 -12.469"><span class='ocrx_word' id='word_1_182' title='bbox 69 1428 140 1486; x_wconf 83' lang='grc' dir='ltr'><em>κρίσιν</em></span> <span class='ocrx_word' id='word_1_183' title='bbox 156 1439 200 1479; x_wconf 90' lang='grc' dir='ltr'><em>τοῖς</em></span> <span class='ocrx_word' id='word_1_184' title='bbox 216 1425 290 1474; x_wconf 79' lang='grc' dir='ltr'><em>αὐτου</em></span> <span class='ocrx_word' id='word_1_185' title='bbox 306 1429 468 1486; x_wconf 77' lang='grc' dir='ltr'><em>προκαθεσθῂ.</em></span> <span class='ocrx_word' id='word_1_186' title='bbox 497 1423 530 1471; x_wconf 74' lang='grc' dir='ltr'><strong>διὸ</strong></span> <span class='ocrx_word' id='word_1_187' title='bbox 547 1428 688 1484; x_wconf 79' lang='grc' dir='ltr'><em>φοβηθῶμεν</em></span> <span class='ocrx_word' id='word_1_188' title='bbox 700 1421 758 1471; x_wconf 79' lang='grc' dir='ltr'><em>Θεὸν</em></span> <span class='ocrx_word' id='word_1_189' title='bbox 772 1425 866 1478; x_wconf 71' lang='grc' dir='ltr'><em>δίκαιον,</em></span> <span class='ocrx_word' id='word_1_190' title='bbox 882 1419 962 1480; x_wconf 60' lang='lat' dir='ltr'><strong>odorio</strong></span> <span class='ocrx_word' id='word_1_191' title='bbox 974 1441 1030 1481; x_wconf 90' lang='grc' dir='ltr'><em>μορ-</em></span> 
     </span>
     <span class='ocr_line' id='line_1_18' title="bbox 70 1492 683 1556; baseline -0.006 -15.41"><span class='ocrx_word' id='word_1_192' title='bbox 70 1493 114 1554; x_wconf 72' lang='grc' dir='ltr'><strong>ηην</strong></span> <span class='ocrx_word' id='word_1_193' title='bbox 131 1496 186 1556; x_wconf 66' lang='grc' dir='ltr'><em>πρὸς</em></span> <span class='ocrx_word' id='word_1_194' title='bbox 203 1494 272 1555; x_wconf 78' lang='grc' dir='ltr'><em>τιμην</em></span> <span class='ocrx_word' id='word_1_195' title='bbox 286 1493 330 1541; x_wconf 75' lang='grc' dir='ltr'><strong>τὸ9</strong></span> <span class='ocrx_word' id='word_1_196' title='bbox 347 1492 595 1555; x_wconf 78' lang='grc' dir='ltr'><em>α’νθρῶπουβαστῶζει</em></span> <span class='ocrx_word' id='word_1_197' title='bbox 612 1497 683 1553; x_wconf 84' lang='grc' dir='ltr'><em>σῶμα.</em></span> 
     </span>
    </p>
   </div>
   <div class='ocr_carea' id='block_1_5' title="bbox 70 1635 1092 2473">
    <p class='ocr_par' dir='ltr' id='par_1_5' title="bbox 70 1635 1092 2473">
     <span class='ocr_line' id='line_1_19' title="bbox 126 1635 1032 1694; baseline -0.002 -15"><span class='ocrx_word' id='word_1_198' title='bbox 126 1635 170 1679; x_wconf 87' lang='grc' dir='ltr'><strong>ΧΧ.</strong></span> <span class='ocrx_word' id='word_1_199' title='bbox 199 1636 250 1679; x_wconf 83' lang='lat' dir='ltr'><strong>Vide</strong></span> <span class='ocrx_word' id='word_1_200' title='bbox 265 1637 342 1693; x_wconf 81' lang='lat' dir='ltr'><strong>Simon,</strong></span> <span class='ocrx_word' id='word_1_201' title='bbox 359 1638 413 1693; x_wconf 89' lang='lat' dir='ltr'><strong>quali</strong></span> <span class='ocrx_word' id='word_1_202' title='bbox 428 1637 473 1680; x_wconf 89' lang='lat' dir='ltr'><strong>Deo</strong></span> <span class='ocrx_word' id='word_1_203' title='bbox 491 1643 513 1680; x_wconf 91' lang='lat' dir='ltr'><strong>ut</strong></span> <span class='ocrx_word' id='word_1_204' title='bbox 527 1639 590 1681; x_wconf 93' lang='lat' dir='ltr'><strong>simus</strong></span> <span class='ocrx_word' id='word_1_205' title='bbox 605 1639 680 1694; x_wconf 76' lang='lat' dir='ltr'><strong>ingrati</strong></span> <span class='ocrx_word' id='word_1_206' title='bbox 698 1636 826 1693; x_wconf 89' lang='lat' dir='ltr'><strong>persuadere</strong></span> <span class='ocrx_word' id='word_1_207' title='bbox 846 1637 912 1691; x_wconf 88' lang='lat' dir='ltr'><strong>cupis:</strong></span> <span class='ocrx_word' id='word_1_208' title='bbox 936 1642 956 1678; x_wconf 88' lang='lat' dir='ltr'><strong>et</strong></span> <span class='ocrx_word' id='word_1_209' title='bbox 976 1641 1032 1678; x_wconf 89' lang='lat' dir='ltr'><strong>terra</strong></span> 
     </span>
     <span class='ocr_line' id='line_1_20' title="bbox 71 1707 1031 1765; baseline -0.003 -14"><span class='ocrx_word' id='word_1_210' title='bbox 71 1714 139 1765; x_wconf 84' lang='lat' dir='ltr'><strong>portat</strong></span> <span class='ocrx_word' id='word_1_211' title='bbox 158 1713 189 1762; x_wconf 86' lang='lat' dir='ltr'><strong>te,</strong></span> <span class='ocrx_word' id='word_1_212' title='bbox 211 1707 305 1750; x_wconf 78' lang='lat' dir='ltr'><strong>fortassis</strong></span> <span class='ocrx_word' id='word_1_213' title='bbox 326 1710 379 1751; x_wconf 89' lang='lat' dir='ltr'><strong>scire</strong></span> <span class='ocrx_word' id='word_1_214' title='bbox 401 1709 482 1765; x_wconf 85' lang='lat' dir='ltr'><strong>volens,</strong></span> <span class='ocrx_word' id='word_1_215' title='bbox 504 1710 549 1764; x_wconf 88' lang='lat' dir='ltr'><strong>quis</strong></span> <span class='ocrx_word' id='word_1_216' title='bbox 566 1710 636 1752; x_wconf 80' lang='lat' dir='ltr'><strong>similia</strong></span> <span class='ocrx_word' id='word_1_217' title='bbox 653 1722 677 1751; x_wconf 85' lang='lat' dir='ltr'><strong>ao</strong></span> <span class='ocrx_word' id='word_1_218' title='bbox 692 1715 714 1752; x_wconf 91' lang='lat' dir='ltr'><strong>lu</strong></span> <span class='ocrx_word' id='word_1_219' title='bbox 736 1710 814 1752; x_wconf 87' lang='lat' dir='ltr'><strong>sentire</strong></span> <span class='ocrx_word' id='word_1_220' title='bbox 833 1708 914 1751; x_wconf 88' lang='lat' dir='ltr'><strong>audeat.</strong></span> <span class='ocrx_word' id='word_1_221' title='bbox 952 1707 1031 1749; x_wconf 86' lang='lat' dir='ltr'><strong>Primus</strong></span> 
     </span>
     <span class='ocr_line' id='line_1_21' title="bbox 72 1780 1056 1835; baseline -0.003 -13"><span class='ocrx_word' id='word_1_222' title='bbox 72 1781 124 1822; x_wconf 89' lang='lat' dir='ltr'><strong>enim</strong></span> <span class='ocrx_word' id='word_1_223' title='bbox 140 1790 202 1821; x_wconf 87' lang='lat' dir='ltr'><strong>ausus</strong></span> <span class='ocrx_word' id='word_1_224' title='bbox 218 1791 251 1834; x_wconf 88' lang='lat' dir='ltr'><strong>es,</strong></span> <span class='ocrx_word' id='word_1_225' title='bbox 272 1780 327 1833; x_wconf 84' lang='lat' dir='ltr'><strong>quod</strong></span> <span class='ocrx_word' id='word_1_226' title='bbox 344 1780 410 1823; x_wconf 88' lang='lat' dir='ltr'><strong>nullus</strong></span> <span class='ocrx_word' id='word_1_227' title='bbox 425 1783 445 1822; x_wconf 92' lang='lat' dir='ltr'><strong>in</strong></span> <span class='ocrx_word' id='word_1_228' title='bbox 461 1782 549 1822; x_wconf 91' lang='lat' dir='ltr'><strong>animum</strong></span> <span class='ocrx_word' id='word_1_229' title='bbox 567 1781 657 1823; x_wconf 77' lang='lat' dir='ltr'><strong>induxit:</strong></span> <span class='ocrx_word' id='word_1_230' title='bbox 684 1782 761 1835; x_wconf 89' lang='lat' dir='ltr'><strong>primus</strong></span> <span class='ocrx_word' id='word_1_231' title='bbox 783 1781 865 1823; x_wconf 90' lang='lat' dir='ltr'><strong>locutus</strong></span> <span class='ocrx_word' id='word_1_232' title='bbox 880 1792 903 1822; x_wconf 88' lang='lat' dir='ltr'><strong>es</strong></span> <span class='ocrx_word' id='word_1_233' title='bbox 918 1792 954 1834; x_wconf 86' lang='lat' dir='ltr'><strong>ea,</strong></span> <span class='ocrx_word' id='word_1_234' title='bbox 977 1790 1056 1833; x_wconf 67' lang='lat' dir='ltr'><strong>quaero</strong></span> 
     </span>
     <span class='ocr_line' id='line_1_22' title="bbox 71 1850 1031 1907; baseline -0.003 -14"><span class='ocrx_word' id='word_1_235' title='bbox 71 1852 155 1905; x_wconf 79' lang='lat' dir='ltr'><strong>orimum</strong></span> <span class='ocrx_word' id='word_1_236' title='bbox 176 1850 295 1893; x_wconf 82' lang='lat' dir='ltr'><strong>audivimus.</strong></span> <span class='ocrx_word' id='word_1_237' title='bbox 339 1852 398 1894; x_wconf 82' lang='lat' dir='ltr'><strong>Primi</strong></span> <span class='ocrx_word' id='word_1_238' title='bbox 425 1864 449 1894; x_wconf 90' lang='lat' dir='ltr'><strong>ao</strong></span> <span class='ocrx_word' id='word_1_239' title='bbox 470 1852 509 1895; x_wconf 91' lang='lat' dir='ltr'><strong>soli</strong></span> <span class='ocrx_word' id='word_1_240' title='bbox 530 1865 568 1895; x_wconf 91' lang='lat' dir='ltr'><strong>nos</strong></span> <span class='ocrx_word' id='word_1_241' title='bbox 588 1865 650 1907; x_wconf 87' lang='lat' dir='ltr'><strong>supcr</strong></span> <span class='ocrx_word' id='word_1_242' title='bbox 672 1857 727 1894; x_wconf 88' lang='lat' dir='ltr'><strong>tanta</strong></span> <span class='ocrx_word' id='word_1_243' title='bbox 751 1859 785 1895; x_wconf 88' lang='lat' dir='ltr'><strong>lua</strong></span> <span class='ocrx_word' id='word_1_244' title='bbox 809 1851 912 1905; x_wconf 76' lang='lat' dir='ltr'><strong>impietate</strong></span> <span class='ocrx_word' id='word_1_245' title='bbox 941 1851 1031 1892; x_wconf 90' lang='lat' dir='ltr'><strong>immen-</strong></span> 
     </span>
     <span class='ocr_line' id='line_1_23' title="bbox 70 1921 1030 1979; baseline -0.003 -15"><span class='ocrx_word' id='word_1_246' title='bbox 70 1935 112 1965; x_wconf 88' lang='lat' dir='ltr'><strong>sam</strong></span> <span class='ocrx_word' id='word_1_247' title='bbox 128 1922 165 1963; x_wconf 91' lang='lat' dir='ltr'><strong>Dei</strong></span> <span class='ocrx_word' id='word_1_248' title='bbox 181 1922 296 1976; x_wconf 82' lang='lat' dir='ltr'><strong>patientiam</strong></span> <span class='ocrx_word' id='word_1_249' title='bbox 313 1924 459 1979; x_wconf 81' lang='lat' dir='ltr'><strong>cognovimus,</strong></span> <span class='ocrx_word' id='word_1_250' title='bbox 475 1935 514 1966; x_wconf 90' lang='lat' dir='ltr'><strong>nec</strong></span> <span class='ocrx_word' id='word_1_251' title='bbox 530 1923 613 1965; x_wconf 91' lang='lat' dir='ltr'><strong>alterius</strong></span> <span class='ocrx_word' id='word_1_252' title='bbox 630 1923 753 1978; x_wconf 71' lang='lat' dir='ltr'><strong>cujuspiam,</strong></span> <span class='ocrx_word' id='word_1_253' title='bbox 774 1934 835 1977; x_wconf 90' lang='lat' dir='ltr'><strong>quam</strong></span> <span class='ocrx_word' id='word_1_254' title='bbox 849 1921 901 1964; x_wconf 89' lang='lat' dir='ltr'><strong>illius</strong></span> <span class='ocrx_word' id='word_1_255' title='bbox 918 1922 952 1976; x_wconf 87' lang='lat' dir='ltr'><strong>qui</strong></span> <span class='ocrx_word' id='word_1_256' title='bbox 968 1933 1030 1962; x_wconf 89' lang='lat' dir='ltr'><strong>muu-</strong></span> 
     </span>
     <span class='ocr_line' id='line_1_24' title="bbox 71 1991 1031 2047; baseline -0.001 -13"><span class='ocrx_word' id='word_1_257' title='bbox 71 1993 117 2034; x_wconf 89' lang='lat' dir='ltr'><strong>dum</strong></span> <span class='ocrx_word' id='word_1_258' title='bbox 133 1993 220 2047; x_wconf 70' lang='lat' dir='ltr'><strong>creavit,</strong></span> <span class='ocrx_word' id='word_1_259' title='bbox 234 1993 255 2033; x_wconf 91' lang='lat' dir='ltr'><strong>in</strong></span> <span class='ocrx_word' id='word_1_260' title='bbox 272 2005 332 2047; x_wconf 87' lang='lat' dir='ltr'><strong>quem</strong></span> <span class='ocrx_word' id='word_1_261' title='bbox 349 1994 461 2035; x_wconf 87' lang='lat' dir='ltr'><strong>sustinuisti</strong></span> <span class='ocrx_word' id='word_1_262' title='bbox 477 2005 523 2037; x_wconf 89' lang='lat' dir='ltr'><strong>esse</strong></span> <span class='ocrx_word' id='word_1_263' title='bbox 538 1993 617 2046; x_wconf 82' lang='lat' dir='ltr'><strong>impius.</strong></span> <span class='ocrx_word' id='word_1_264' title='bbox 647 1992 673 2035; x_wconf 85' lang='lat' dir='ltr'><strong>Et</strong></span> <span class='ocrx_word' id='word_1_265' title='bbox 687 1998 756 2035; x_wconf 89' lang='lat' dir='ltr'><strong>terrae</strong></span> <span class='ocrx_word' id='word_1_266' title='bbox 769 1992 836 2034; x_wconf 86' lang='lat' dir='ltr'><strong>hiatus</strong></span> <span class='ocrx_word' id='word_1_267' title='bbox 851 1991 918 2033; x_wconf 88' lang='lat' dir='ltr'><strong>lactus</strong></span> <span class='ocrx_word' id='word_1_268' title='bbox 934 2003 976 2034; x_wconf 90' lang='lat' dir='ltr'><strong>non</strong></span> <span class='ocrx_word' id='word_1_269' title='bbox 993 1996 1031 2045; x_wconf 85' lang='lat' dir='ltr'><strong>est,</strong></span> 
     </span>
     <span class='ocr_line' id='line_1_25' title="bbox 71 2061 1092 2118; baseline -0.004 -13"><span class='ocrx_word' id='word_1_270' title='bbox 71 2070 132 2118; x_wconf 86' lang='lat' dir='ltr'><strong>atque</strong></span> <span class='ocrx_word' id='word_1_271' title='bbox 147 2063 200 2118; x_wconf 82' lang='lat' dir='ltr'><strong>ignis</strong></span> <span class='ocrx_word' id='word_1_272' title='bbox 217 2076 228 2105; x_wconf 91' lang='lat' dir='ltr'><strong>e</strong></span> <span class='ocrx_word' id='word_1_273' title='bbox 245 2063 304 2104; x_wconf 91' lang='lat' dir='ltr'><strong>ooelo</strong></span> <span class='ocrx_word' id='word_1_274' title='bbox 320 2075 360 2105; x_wconf 91' lang='lat' dir='ltr'><strong>non</strong></span> <span class='ocrx_word' id='word_1_275' title='bbox 381 2069 412 2105; x_wconf 90' lang='lat' dir='ltr'><strong>est</strong></span> <span class='ocrx_word' id='word_1_276' title='bbox 436 2064 522 2105; x_wconf 92' lang='lat' dir='ltr'><strong>emissus</strong></span> <span class='ocrx_word' id='word_1_277' title='bbox 542 2076 582 2105; x_wconf 90' lang='lat' dir='ltr'><strong>neo</strong></span> <span class='ocrx_word' id='word_1_278' title='bbox 604 2064 625 2104; x_wconf 93' lang='lat' dir='ltr'><strong>in</strong></span> <span class='ocrx_word' id='word_1_279' title='bbox 641 2062 746 2105; x_wconf 89' lang='lat' dir='ltr'><strong>hominum</strong></span> <span class='ocrx_word' id='word_1_280' title='bbox 768 2063 953 2117; x_wconf 78' lang='lat' dir='ltr'><strong>conflagrationem</strong></span> <span class='ocrx_word' id='word_1_281' title='bbox 976 2061 1030 2116; x_wconf 81' lang='lat' dir='ltr'><strong>exiit,</strong></span> <span class='ocrx_word' id='word_1_282' title='bbox 1090 2064 1092 2066; x_wconf 83' lang='grc'><strong>’</strong></span> 
     </span>
     <span class='ocr_line' id='line_1_26' title="bbox 71 2133 1056 2190; baseline -0.001 -14"><span class='ocrx_word' id='word_1_283' title='bbox 71 2140 90 2176; x_wconf 86' lang='lat' dir='ltr'><strong>et</strong></span> <span class='ocrx_word' id='word_1_284' title='bbox 104 2134 170 2177; x_wconf 87' lang='lat' dir='ltr'><strong>imber</strong></span> <span class='ocrx_word' id='word_1_285' title='bbox 186 2146 227 2175; x_wconf 90' lang='lat' dir='ltr'><strong>non</strong></span> <span class='ocrx_word' id='word_1_286' title='bbox 244 2139 275 2176; x_wconf 92' lang='lat' dir='ltr'><strong>est</strong></span> <span class='ocrx_word' id='word_1_287' title='bbox 290 2145 414 2190; x_wconf 79' lang='lat' dir='ltr'><strong>suspensus,</strong></span> <span class='ocrx_word' id='word_1_288' title='bbox 430 2146 454 2175; x_wconf 90' lang='lat' dir='ltr'><strong>ac</strong></span> <span class='ocrx_word' id='word_1_289' title='bbox 470 2134 576 2176; x_wconf 91' lang='lat' dir='ltr'><strong>multitudo</strong></span> <span class='ocrx_word' id='word_1_290' title='bbox 592 2133 683 2176; x_wconf 84' lang='lat' dir='ltr'><strong>ferarum</strong></span> <span class='ocrx_word' id='word_1_291' title='bbox 701 2146 743 2176; x_wconf 92' lang='lat' dir='ltr'><strong>non</strong></span> <span class='ocrx_word' id='word_1_292' title='bbox 759 2139 817 2176; x_wconf 86' lang='lat' dir='ltr'><strong>este</strong></span> <span class='ocrx_word' id='word_1_293' title='bbox 836 2134 921 2176; x_wconf 86' lang='lat' dir='ltr'><strong>saltibus</strong></span> <span class='ocrx_word' id='word_1_294' title='bbox 936 2133 1056 2188; x_wconf 67' lang='lat' dir='ltr'><strong>immissam</strong></span> 
     </span>
     <span class='ocr_line' id='line_1_27' title="bbox 71 2204 1030 2261; baseline -0.001 -14"><span class='ocrx_word' id='word_1_295' title='bbox 71 2211 132 2259; x_wconf 85' lang='lat' dir='ltr'><strong>atque</strong></span> <span class='ocrx_word' id='word_1_296' title='bbox 146 2205 166 2246; x_wconf 89' lang='lat' dir='ltr'><strong>in</strong></span> <span class='ocrx_word' id='word_1_297' title='bbox 182 2216 219 2246; x_wconf 90' lang='lat' dir='ltr'><strong>nos</strong></span> <span class='ocrx_word' id='word_1_298' title='bbox 235 2204 290 2257; x_wconf 87' lang='lat' dir='ltr'><strong>ipsos</strong></span> <span class='ocrx_word' id='word_1_299' title='bbox 306 2210 390 2260; x_wconf 86' lang='lat' dir='ltr'><strong>propter</strong></span> <span class='ocrx_word' id='word_1_300' title='bbox 406 2217 467 2246; x_wconf 92' lang='lat' dir='ltr'><strong>unum</strong></span> <span class='ocrx_word' id='word_1_301' title='bbox 483 2210 623 2261; x_wconf 81' lang='lat' dir='ltr'><strong>peccatorem,</strong></span> <span class='ocrx_word' id='word_1_302' title='bbox 648 2206 673 2246; x_wconf 93' lang='lat' dir='ltr'><strong>oh</strong></span> <span class='ocrx_word' id='word_1_303' title='bbox 695 2204 800 2258; x_wconf 86' lang='lat' dir='ltr'><strong>spirituale</strong></span> <span class='ocrx_word' id='word_1_304' title='bbox 816 2204 951 2255; x_wconf 87' lang='lat' dir='ltr'><strong>adulterium,</strong></span> <span class='ocrx_word' id='word_1_305' title='bbox 975 2204 1030 2259; x_wconf 87' lang='lat' dir='ltr'><strong>quod</strong></span> 
     </span>
     <span class='ocr_line' id='line_1_28' title="bbox 71 2274 1030 2330; baseline 0.001 -14"><span class='ocrx_word' id='word_1_306' title='bbox 71 2275 146 2317; x_wconf 88' lang='lat' dir='ltr'><strong>carnali</strong></span> <span class='ocrx_word' id='word_1_307' title='bbox 162 2275 220 2330; x_wconf 87' lang='lat' dir='ltr'><strong>pejus</strong></span> <span class='ocrx_word' id='word_1_308' title='bbox 238 2280 278 2329; x_wconf 88' lang='lat' dir='ltr'><strong>est,</strong></span> <span class='ocrx_word' id='word_1_309' title='bbox 294 2286 334 2316; x_wconf 88' lang='lat' dir='ltr'><strong>non</strong></span> <span class='ocrx_word' id='word_1_310' title='bbox 350 2288 451 2317; x_wconf 88' lang='lat' dir='ltr'><strong>conversa</strong></span> <span class='ocrx_word' id='word_1_311' title='bbox 468 2281 499 2318; x_wconf 92' lang='lat' dir='ltr'><strong>est</strong></span> <span class='ocrx_word' id='word_1_312' title='bbox 514 2275 630 2329; x_wconf 86' lang='lat' dir='ltr'><strong>perniciosa</strong></span> <span class='ocrx_word' id='word_1_313' title='bbox 645 2275 683 2317; x_wconf 93' lang='lat' dir='ltr'><strong>Dei</strong></span> <span class='ocrx_word' id='word_1_314' title='bbox 698 2276 734 2317; x_wconf 89' lang='lat' dir='ltr'><strong>ira.</strong></span> <span class='ocrx_word' id='word_1_315' title='bbox 766 2274 798 2316; x_wconf 90' lang='lat' dir='ltr'><strong>An</strong></span> <span class='ocrx_word' id='word_1_316' title='bbox 814 2274 867 2316; x_wconf 90' lang='lat' dir='ltr'><strong>euim</strong></span> <span class='ocrx_word' id='word_1_317' title='bbox 883 2286 925 2316; x_wconf 87' lang='lat' dir='ltr'><strong>non</strong></span> <span class='ocrx_word' id='word_1_318' title='bbox 942 2281 980 2326; x_wconf 88' lang='lat' dir='ltr'><strong>est,</strong></span> <span class='ocrx_word' id='word_1_319' title='bbox 997 2277 1030 2329; x_wconf 86' lang='lat' dir='ltr'><strong>qui</strong></span> 
     </span>
     <span class='ocr_line' id='line_1_29' title="bbox 71 2345 1030 2402; baseline -0.001 -14"><span class='ocrx_word' id='word_1_320' title='bbox 71 2351 118 2388; x_wconf 89' lang='lat' dir='ltr'><strong>tuno</strong></span> <span class='ocrx_word' id='word_1_321' title='bbox 134 2345 358 2402; x_wconf 79' lang='lat' dir='ltr'><strong>vindicabatpeocata,</strong></span> <span class='ocrx_word' id='word_1_322' title='bbox 374 2347 427 2388; x_wconf 89' lang='lat' dir='ltr'><strong>coeli</strong></span> <span class='ocrx_word' id='word_1_323' title='bbox 442 2359 466 2387; x_wconf 87' lang='lat' dir='ltr'><strong>ac</strong></span> <span class='ocrx_word' id='word_1_324' title='bbox 482 2352 551 2389; x_wconf 89' lang='lat' dir='ltr'><strong>terrae</strong></span> <span class='ocrx_word' id='word_1_325' title='bbox 566 2345 661 2388; x_wconf 86' lang='lat' dir='ltr'><strong>conditor</strong></span> <span class='ocrx_word' id='word_1_326' title='bbox 676 2346 748 2388; x_wconf 83' lang='lat' dir='ltr'><strong>Deus?</strong></span> <span class='ocrx_word' id='word_1_327' title='bbox 765 2346 854 2401; x_wconf 85' lang='lat' dir='ltr'><strong>alioquin</strong></span> <span class='ocrx_word' id='word_1_328' title='bbox 867 2351 887 2388; x_wconf 93' lang='lat' dir='ltr'><strong>et</strong></span> <span class='ocrx_word' id='word_1_329' title='bbox 897 2358 952 2387; x_wconf 89' lang='lat' dir='ltr'><strong>nunc</strong></span> <span class='ocrx_word' id='word_1_330' title='bbox 963 2347 1030 2387; x_wconf 87' lang='lat' dir='ltr'><strong>maxi-</strong></span> 
     </span>
     <span class='ocr_line' id='line_1_30' title="bbox 71 2415 1031 2473; baseline 0.003 -15"><span class='ocrx_word' id='word_1_331' title='bbox 71 2417 106 2458; x_wconf 93' lang='lat' dir='ltr'><strong>mis</strong></span> <span class='ocrx_word' id='word_1_332' title='bbox 123 2417 222 2471; x_wconf 84' lang='lat' dir='ltr'><strong>appetitus</strong></span> <span class='ocrx_word' id='word_1_333' title='bbox 239 2417 337 2459; x_wconf 86' lang='lat' dir='ltr'><strong>conviciis</strong></span> <span class='ocrx_word' id='word_1_334' title='bbox 351 2418 437 2458; x_wconf 85' lang='lat' dir='ltr'><strong>maxime</strong></span> <span class='ocrx_word' id='word_1_335' title='bbox 453 2417 595 2459; x_wconf 89' lang='lat' dir='ltr'><strong>ulcisceretur.</strong></span> <span class='ocrx_word' id='word_1_336' title='bbox 625 2415 665 2459; x_wconf 85' lang='lat' dir='ltr'><strong>Sed</strong></span> <span class='ocrx_word' id='word_1_337' title='bbox 681 2421 763 2473; x_wconf 80' lang='lat' dir='ltr'><strong>contra,</strong></span> <span class='ocrx_word' id='word_1_338' title='bbox 778 2417 858 2470; x_wconf 89' lang='lat' dir='ltr'><strong>patiens</strong></span> <span class='ocrx_word' id='word_1_339' title='bbox 875 2423 916 2472; x_wconf 84' lang='lat' dir='ltr'><strong>est,</strong></span> <span class='ocrx_word' id='word_1_340' title='bbox 937 2417 960 2459; x_wconf 88' lang='lat' dir='ltr'><strong>ad</strong></span> <span class='ocrx_word' id='word_1_341' title='bbox 977 2430 1031 2471; x_wconf 89' lang='lat' dir='ltr'><strong>poe-</strong></span> 
     </span>
    </p>
   </div>
   <div class='ocr_carea' id='block_1_6' title="bbox 1 2487 1054 2541">
    <p class='ocr_par' dir='ltr' id='par_1_6' title="bbox 1 2487 1054 2541">
     <span class='ocr_line' id='line_1_31' title="bbox 1 2487 1054 2541; baseline 0.002 -11"><span class='ocrx_word' id='word_1_342' title='bbox 1 2508 3 2511; x_wconf 89' lang='lat'><em>·</em></span> <span class='ocrx_word' id='word_1_343' title='bbox 70 2488 174 2530; x_wconf 90' lang='lat' dir='ltr'><strong>nitentiam</strong></span> <span class='ocrx_word' id='word_1_344' title='bbox 190 2491 261 2541; x_wconf 79' lang='lat' dir='ltr'><strong>vocat,</strong></span> <span class='ocrx_word' id='word_1_345' title='bbox 278 2488 313 2541; x_wconf 87' lang='lat' dir='ltr'><strong>qui</strong></span> <span class='ocrx_word' id='word_1_346' title='bbox 328 2489 490 2532; x_wconf 79' lang='lat' dir='ltr'><strong>consummantia</strong></span> <span class='ocrx_word' id='word_1_347' title='bbox 505 2489 545 2530; x_wconf 90' lang='lat' dir='ltr'><strong>tela</strong></span> <span class='ocrx_word' id='word_1_348' title='bbox 562 2487 586 2530; x_wconf 90' lang='lat' dir='ltr'><strong>ad</strong></span> <span class='ocrx_word' id='word_1_349' title='bbox 601 2488 709 2541; x_wconf 88' lang='lat' dir='ltr'><strong>impiorum</strong></span> <span class='ocrx_word' id='word_1_350' title='bbox 725 2489 916 2531; x_wconf 78' lang='lat' dir='ltr'><strong>exterminationem</strong></span> <span class='ocrx_word' id='word_1_351' title='bbox 933 2488 995 2531; x_wconf 91' lang='lat' dir='ltr'><strong>hahet</strong></span> <span class='ocrx_word' id='word_1_352' title='bbox 1010 2490 1054 2532; x_wconf 88' lang='lat' dir='ltr'><strong>inao</strong></span> 
     </span>
    </p>
   </div>
   <div class='ocr_carea' id='block_1_7' title="bbox 70 2558 1030 2756">
    <p class='ocr_par' dir='ltr' id='par_1_7' title="bbox 70 2558 1030 2756">
     <span class='ocr_line' id='line_1_32' title="bbox 70 2558 1030 2615; baseline 0.002 -15"><span class='ocrx_word' id='word_1_353' title='bbox 70 2558 171 2601; x_wconf 87' lang='lat' dir='ltr'><strong>thesauris</strong></span> <span class='ocrx_word' id='word_1_354' title='bbox 186 2558 286 2614; x_wconf 80' lang='lat' dir='ltr'><strong>reposita,</strong></span> <span class='ocrx_word' id='word_1_355' title='bbox 303 2571 366 2615; x_wconf 76' lang='lat' dir='ltr'><strong>quae,</strong></span> <span class='ocrx_word' id='word_1_356' title='bbox 382 2564 482 2612; x_wconf 77' lang='lat' dir='ltr'><strong>tamquam</strong></span> <span class='ocrx_word' id='word_1_357' title='bbox 499 2560 587 2601; x_wconf 88' lang='lat' dir='ltr'><strong>viventia</strong></span> <span class='ocrx_word' id='word_1_358' title='bbox 603 2559 707 2614; x_wconf 83' lang='lat' dir='ltr'><strong>animalia,</strong></span> <span class='ocrx_word' id='word_1_359' title='bbox 723 2564 772 2602; x_wconf 91' lang='lat' dir='ltr'><strong>tunc</strong></span> <span class='ocrx_word' id='word_1_360' title='bbox 786 2559 890 2615; x_wconf 84' lang='lat' dir='ltr'><strong>demittet,</strong></span> <span class='ocrx_word' id='word_1_361' title='bbox 907 2572 952 2601; x_wconf 89' lang='lat' dir='ltr'><strong>oum</strong></span> <span class='ocrx_word' id='word_1_362' title='bbox 968 2573 1030 2615; x_wconf 88' lang='lat' dir='ltr'><strong>prae-</strong></span> 
     </span>
     <span class='ocr_line' id='line_1_33' title="bbox 71 2628 1028 2686; baseline 0.001 -15"><span class='ocrx_word' id='word_1_363' title='bbox 71 2629 147 2672; x_wconf 86' lang='lat' dir='ltr'><strong>sederit</strong></span> <span class='ocrx_word' id='word_1_364' title='bbox 164 2628 187 2670; x_wconf 91' lang='lat' dir='ltr'><strong>ad</strong></span> <span class='ocrx_word' id='word_1_365' title='bbox 207 2628 361 2671; x_wconf 87' lang='lat' dir='ltr'><strong>retribuendum</strong></span> <span class='ocrx_word' id='word_1_366' title='bbox 384 2628 477 2671; x_wconf 89' lang='lat' dir='ltr'><strong>hostibus</strong></span> <span class='ocrx_word' id='word_1_367' title='bbox 500 2631 542 2672; x_wconf 92' lang='lat' dir='ltr'><strong>suis</strong></span> <span class='ocrx_word' id='word_1_368' title='bbox 562 2629 665 2685; x_wconf 88' lang='lat' dir='ltr'><strong>judicium.</strong></span> <span class='ocrx_word' id='word_1_369' title='bbox 705 2630 807 2679; x_wconf 81' lang='lat' dir='ltr'><strong>Quocirca</strong></span> <span class='ocrx_word' id='word_1_370' title='bbox 829 2631 934 2672; x_wconf 82' lang='lat' dir='ltr'><strong>timeamus</strong></span> <span class='ocrx_word' id='word_1_371' title='bbox 953 2633 1028 2686; x_wconf 77' lang='lat' dir='ltr'><strong>Justmn</strong></span> 
     </span>
     <span class='ocr_line' id='line_1_34' title="bbox 71 2699 745 2756; baseline -0.003 -13"><span class='ocrx_word' id='word_1_372' title='bbox 71 2701 145 2756; x_wconf 80' lang='lat' dir='ltr'><strong>Deum,</strong></span> <span class='ocrx_word' id='word_1_373' title='bbox 162 2700 220 2755; x_wconf 75' lang='lat' dir='ltr'><strong>euJus</strong></span> <span class='ocrx_word' id='word_1_374' title='bbox 236 2699 322 2740; x_wconf 88' lang='lat' dir='ltr'><strong>formam</strong></span> <span class='ocrx_word' id='word_1_375' title='bbox 338 2701 357 2741; x_wconf 91' lang='lat' dir='ltr'><strong>in</strong></span> <span class='ocrx_word' id='word_1_376' title='bbox 374 2699 475 2743; x_wconf 85' lang='lat' dir='ltr'><strong>horrorem</strong></span> <span class='ocrx_word' id='word_1_377' title='bbox 490 2701 577 2743; x_wconf 91' lang='lat' dir='ltr'><strong>hominis</strong></span> <span class='ocrx_word' id='word_1_378' title='bbox 593 2712 669 2754; x_wconf 89' lang='lat' dir='ltr'><strong>corpus</strong></span> <span class='ocrx_word' id='word_1_379' title='bbox 685 2702 745 2756; x_wconf 81' lang='lat' dir='ltr'><strong>gerit.</strong></span> 
     </span>
    </p>
   </div>
   <div class='ocr_carea' id='block_1_8' title="bbox 73 2901 1029 3314">
    <p class='ocr_par' dir='ltr' id='par_1_8' title="bbox 103 2901 1029 3019">
     <span class='ocr_line' id='line_1_35' title="bbox 103 2901 1029 2962; baseline 0.002 -16"><span class='ocrx_word' id='word_1_380' title='bbox 103 2911 120 2948; x_wconf 89' lang='lat'><strong>1.</strong></span> <span class='ocrx_word' id='word_1_381' title='bbox 149 2909 175 2946; x_wconf 89' lang='lat' dir='ltr'><strong>lta</strong></span> <span class='ocrx_word' id='word_1_382' title='bbox 191 2907 205 2945; x_wconf 91' lang='lat'>0</span> <span class='ocrx_word' id='word_1_383' title='bbox 221 2907 276 2955; x_wconf 67' lang='grc' dir='ltr'><strong>οδ,</strong></span> <span class='ocrx_word' id='word_1_384' title='bbox 292 2901 331 2944; x_wconf 76' lang='grc' dir='ltr'><em>εἶδε</em></span> <span class='ocrx_word' id='word_1_385' title='bbox 347 2906 366 2944; x_wconf 81' lang='lat' dir='ltr'><strong>G.</strong></span> <span class='ocrx_word' id='word_1_386' title='bbox 562 2911 653 2959; x_wconf 87' lang='lat' dir='ltr'><strong>probante</strong></span> <span class='ocrx_word' id='word_1_387' title='bbox 669 2909 695 2958; x_wconf 85' lang='lat'><strong>0,</strong></span> <span class='ocrx_word' id='word_1_388' title='bbox 722 2905 775 2948; x_wconf 80' lang='grc' dir='ltr'><em>κατὰ</em></span> <span class='ocrx_word' id='word_1_389' title='bbox 796 2907 861 2961; x_wconf 78' lang='grc' dir='ltr'><em>σάρκα</em></span> <span class='ocrx_word' id='word_1_390' title='bbox 886 2907 955 2962; x_wconf 79' lang='grc' dir='ltr'><em>χείρων</em></span> <span class='ocrx_word' id='word_1_391' title='bbox 976 2908 989 2946; x_wconf 84' lang='lat' dir='ltr'>G</span> <span class='ocrx_word' id='word_1_392' title='bbox 1011 2909 1029 2948; x_wconf 88' lang='lat' dir='ltr'><strong>in</strong></span> 
     </span>
     <span class='ocr_line' id='line_1_36' title="bbox 101 2960 831 3019; baseline 0.001 -14.021"><span class='ocrx_word' id='word_1_393' title='bbox 101 2972 120 3006; x_wconf 77' lang='lat'><strong>2.</strong></span> <span class='ocrx_word' id='word_1_394' title='bbox 101 2963 271 3014; x_wconf 63' lang='grc' dir='ltr'><em>θίδεῐνὸθ,</em></span> <span class='ocrx_word' id='word_1_395' title='bbox 286 2960 342 3005; x_wconf 78' lang='grc' dir='ltr'><em>οἰδεῖν</em></span> <span class='ocrx_word' id='word_1_396' title='bbox 358 2964 377 3002; x_wconf 79' lang='lat' dir='ltr'><strong>d.</strong></span> <span class='ocrx_word' id='word_1_397' title='bbox 561 2965 724 3019; x_wconf 58' lang='grc' dir='ltr'><em>μετεχείρισας</em></span> <span class='ocrx_word' id='word_1_398' title='bbox 739 2969 757 3007; x_wconf 94' lang='lat' dir='ltr'><strong>in</strong></span> <span class='ocrx_word' id='word_1_399' title='bbox 773 2981 831 3017; x_wconf 80' lang='lat' dir='ltr'><strong>marg,</strong></span> 
     </span>
    </p>

    <p class='ocr_par' dir='ltr' id='par_1_9' title="bbox 101 3021 1013 3096">
     <span class='ocr_line' id='line_1_37' title="bbox 101 3021 1013 3096; baseline 0.001 -31"><span class='ocrx_word' id='word_1_400' title='bbox 101 3030 120 3065; x_wconf 87' lang='lat'><strong>3.</strong></span> <span class='ocrx_word' id='word_1_401' title='bbox 149 3021 279 3096; x_wconf 73' lang='grc' dir='ltr'><em>τοῖμήσαθ</em></span> <span class='ocrx_word' id='word_1_402' title='bbox 303 3021 471 3077; x_wconf 75' lang='grc' dir='ltr'><em>ΜεΙῑσιιοῖμησαι,</em></span> <span class='ocrx_word' id='word_1_403' title='bbox 494 3027 536 3064; x_wconf 86' lang='lat' dir='ltr'><strong>Tum</strong></span> <span class='ocrx_word' id='word_1_404' title='bbox 592 3030 609 3064; x_wconf 84' lang='lat'><strong>7.</strong></span> <span class='ocrx_word' id='word_1_405' title='bbox 640 3022 702 3067; x_wconf 73' lang='lat' dir='ltr'><strong>hom.</strong></span> <span class='ocrx_word' id='word_1_406' title='bbox 720 3029 734 3066; x_wconf 89' lang='grc'><strong>0</strong></span> <span class='ocrx_word' id='word_1_407' title='bbox 749 3029 880 3077; x_wconf 76' lang='lat' dir='ltr'><strong>interpungeus</strong></span> <span class='ocrx_word' id='word_1_408' title='bbox 895 3031 938 3075; x_wconf 87' lang='lat' dir='ltr'><strong>post</strong></span> <span class='ocrx_word' id='word_1_409' title='bbox 954 3023 1013 3066; x_wconf 82' lang='grc' dir='ltr'><em>ἐστιν.</em></span> 
     </span>
    </p>

    <p class='ocr_par' dir='ltr' id='par_1_10' title="bbox 73 3078 1029 3193">
     <span class='ocr_line' id='line_1_38' title="bbox 73 3078 1029 3136; baseline -0.002 -9.975"><span class='ocrx_word' id='word_1_410' title='bbox 73 3086 132 3134; x_wconf 81' lang='lat' dir='ltr'><strong>adjeci</strong></span> <span class='ocrx_word' id='word_1_411' title='bbox 148 3078 239 3130; x_wconf 79' lang='grc' dir='ltr'><em>αὖτὸςε.</em></span> <span class='ocrx_word' id='word_1_412' title='bbox 254 3084 275 3123; x_wconf 88' lang='lat'><strong>0.</strong></span> <span class='ocrx_word' id='word_1_413' title='bbox 428 3121 429 3125; x_wconf 71' lang='grc'>,</span> <span class='ocrx_word' id='word_1_414' title='bbox 591 3087 609 3123; x_wconf 80' lang='grc'><strong>8.</strong></span> <span class='ocrx_word' id='word_1_415' title='bbox 640 3086 666 3124; x_wconf 84' lang='lat' dir='ltr'><strong>lla</strong></span> <span class='ocrx_word' id='word_1_416' title='bbox 689 3088 703 3126; x_wconf 86' lang='grc'>0</span> <span class='ocrx_word' id='word_1_417' title='bbox 727 3093 744 3126; x_wconf 92' lang='lat' dir='ltr'><strong>et</strong></span> <span class='ocrx_word' id='word_1_418' title='bbox 768 3099 791 3125; x_wconf 85' lang='lat' dir='ltr'><strong>en</strong></span> <span class='ocrx_word' id='word_1_419' title='bbox 811 3087 889 3133; x_wconf 87' lang='lat' dir='ltr'><strong>corrjeot.</strong></span> <span class='ocrx_word' id='word_1_420' title='bbox 909 3085 933 3134; x_wconf 75' lang='lat' dir='ltr'><strong>C,</strong></span> <span class='ocrx_word' id='word_1_421' title='bbox 960 3086 978 3124; x_wconf 87' lang='lat' dir='ltr'><strong>in</strong></span> <span class='ocrx_word' id='word_1_422' title='bbox 995 3088 1029 3136; x_wconf 89' lang='lat' dir='ltr'><strong>cuj.</strong></span> 
     </span>
     <span class='ocr_line' id='line_1_39' title="bbox 100 3139 682 3193; baseline 0.005 -11"><span class='ocrx_word' id='word_1_423' title='bbox 100 3147 120 3182; x_wconf 93' lang='grc'><strong>4.</strong></span> <span class='ocrx_word' id='word_1_424' title='bbox 148 3157 171 3193; x_wconf 83' lang='grc' dir='ltr'><strong>τη</strong></span> <span class='ocrx_word' id='word_1_425' title='bbox 187 3143 276 3193; x_wconf 87' lang='lat' dir='ltr'><strong>adscripsi</strong></span> <span class='ocrx_word' id='word_1_426' title='bbox 293 3153 316 3180; x_wconf 81' lang='lat' dir='ltr'><strong>ex</strong></span> <span class='ocrx_word' id='word_1_427' title='bbox 332 3142 353 3181; x_wconf 89' lang='lat'><strong>0.</strong></span> <span class='ocrx_word' id='word_1_428' title='bbox 562 3148 612 3183; x_wconf 85' lang='lat' dir='ltr'><strong>textu</strong></span> <span class='ocrx_word' id='word_1_429' title='bbox 628 3139 682 3185; x_wconf 72' lang='grc' dir='ltr'><em>ὄντα.</em></span> 
     </span>
    </p>

    <p class='ocr_par' dir='ltr' id='par_1_11' title="bbox 102 3200 714 3256">
     <span class='ocr_line' id='line_1_40' title="bbox 102 3200 714 3256; baseline 0.005 -15"><span class='ocrx_word' id='word_1_430' title='bbox 102 3205 121 3241; x_wconf 93' lang='lat'><strong>5.</strong></span> <span class='ocrx_word' id='word_1_431' title='bbox 151 3200 265 3256; x_wconf 75' lang='grc' dir='ltr'><em>ἐπεχέθηθ</em></span> <span class='ocrx_word' id='word_1_432' title='bbox 593 3206 611 3241; x_wconf 85' lang='grc'><strong>9.</strong></span> <span class='ocrx_word' id='word_1_433' title='bbox 642 3204 714 3244; x_wconf 66' lang='lat' dir='ltr'><strong>aloc.</strong></span> 
     </span>
    </p>

    <p class='ocr_par' dir='ltr' id='par_1_12' title="bbox 102 3256 538 3314">
     <span class='ocr_line' id='line_1_41' title="bbox 102 3256 538 3314; baseline -0.005 -14"><span class='ocrx_word' id='word_1_434' title='bbox 102 3266 120 3300; x_wconf 86' lang='grc'><strong>6.</strong></span> <span class='ocrx_word' id='word_1_435' title='bbox 150 3276 184 3313; x_wconf 81' lang='grc' dir='ltr'><strong>της</strong></span> <span class='ocrx_word' id='word_1_436' title='bbox 200 3257 251 3302; x_wconf 81' lang='grc' dir='ltr'><em>κατὰ</em></span> <span class='ocrx_word' id='word_1_437' title='bbox 272 3273 338 3314; x_wconf 83' lang='grc' dir='ltr'><em>σαρκο</em></span> <span class='ocrx_word' id='word_1_438' title='bbox 359 3256 449 3314; x_wconf 84' lang='grc' dir='ltr'><em>χείρονος</em></span> <span class='ocrx_word' id='word_1_439' title='bbox 468 3262 482 3299; x_wconf 86' lang='lat' dir='ltr'><strong>lJ</strong></span> <span class='ocrx_word' id='word_1_440' title='bbox 505 3273 538 3311; x_wconf 84' lang='lat' dir='ltr'><strong>ap-</strong></span> 
     </span>
    </p>
   </div>
   <div class='ocr_carea' id='block_1_9' title="bbox 0 0 1150 3612">
    <p class='ocr_par' dir='ltr' id='par_1_13' title="bbox 0 0 1150 3612">
     <span class='ocr_line' id='line_1_42' title="bbox 0 0 1150 3612; baseline 0 0"><span class='ocrx_word' id='word_1_441' title='bbox 0 0 1150 3612; x_wconf 95' lang='lat' dir='ltr'><strong> </strong></span> 
     </span>
    </p>
   </div>
  </div>
 </body>
</html>
