2276 3612
100 223 172 275 vste.
191 227 224 264 11.
558 221 599 266 llo

977 285 983 318 ί

98 341 170 397 ἔγνων
187 358 211 385 σε
224 336 362 397 φιλοσοφία1
377 337 578 397 προοανὲχουσαν,
594 339 632 384 ναί
648 335 800 399 αἱρετῆςὲνενα
812 332 852 381 τὸν
867 338 912 383 τοῖν
927 334 1061 396 κρειττόνων

98 410 283 468 §accomodata
311 406 372 456 τίνες
382 407 405 452 δὲ
418 404 447 452 σίν
457 407 643 468 εἶεντρείττανες,
658 408 730 470 idaei
740 412 784 468 μὲν
799 405 919 462 duciacum,
935 407 1061 468 ἀνθρώπων

99 480 123 527 δὲ
138 487 160 528 οἱ
175 478 303 539 φιλάνορας
319 470 383 523 οὗτοι
398 475 442 536 peip
457 475 526 534 μόνοι
541 482 630 535 ἴσασιν,
648 483 693 528 τῶν
708 485 776 540 ἔργων
791 488 844 526 ποῖα
858 480 903 537 μέν
918 484 980 526 ἐστιν
995 479 1061 538 φύσει

99 551 157 598 auaui
166 548 181 606 ἦ
190 548 256 602 ταλαί,
271 561 325 594 ποια
336 549 360 594 de
375 550 404 606 τῇ
413 548 457 592 τῶν
466 546 545 605 νόμων
557 553 621 598 θέσει
632 551 673 599 οὐκ
689 550 744 598 ὄντα
760 549 881 607 νομίζεται.
912 549 994 597 adelae
1005 550 1060 610 γοῦν

75 636 85 667 n
100 618 141 679 την
157 620 281 678 λεγομένην
297 619 402 679 μοιχείαν
418 619 500 676 πρᾶξίν
514 638 576 671 τινες
590 618 747 681 ὑπειλήφασιν
761 622 819 667 εἶναι
834 619 914 680 νανην,
929 621 1003 666 uuiaet
1019 638 1061 666 ιισ-

99 690 141 751 iria
156 685 212 735 ιιατοί
228 686 306 734 πάντα
321 685 479 749 ιίποίρχουσαν.
517 695 550 745 εἰς
565 687 608 751 γοίρ
630 689 673 751 την
693 694 736 743 τοῦ
750 693 803 750 βίου
823 691 966 749 πολυγονίαν
981 694 1061 736 ε’πιτα-

97 771 147 820 γαῖς
159 757 261 818 ”Eperos
275 759 371 819 γίνεται.
399 758 472 816 Ἔρως
488 762 512 807 de'
526 766 588 809 ε’στιν
604 759 722 808 ὄποίντων
736 765 797 808 θεῶν
810 759 975 819 πρεσβύτατος.
1006 759 1061 808 α’ίνευ

96 832 139 891 γοίρ
155 831 181 888 τίη
195 829 297 889 ’Ἑρωτος
313 828 340 876 οὐ
357 832 483 893 στοιχείων,
499 830 527 879 οὐ
542 835 603 879 θεων
612 868 618 887 ,
634 829 675 878 oria
691 828 834 891 σίνθροίπων,
849 828 876 876 ου’
892 829 951 886 ζοίων
965 826 1060 890 οίλόγων,

97 900 126 948 ου’
141 902 186 947 τῶν
202 902 288 947 λοιπῶν
304 899 414 947 οίποίντων
429 906 488 959 μῖξις
502 900 517 960 ἢ
533 902 638 961 γε’νεοις2
658 903 767 959 γενέσθαι
783 902 887 950 δύναται.
917 897 1002 950 πάντες
1016 899 1060 960 γοίρ

75 985 132 1020 mooe
147 966 232 1028 ’όργανοί
249 976 318 1030 ἐσμεν
333 969 496 1029 τοὺἝρωτος.
533 968 601 1022 αὐτὸς
623 973 664 1018 diff
685 970 696 1017 o‘
713 969 739 1017 δι’
755 970 821 1031 ἦμοίν
836 972 949 1032 τεχνίτης,
972 969 1060 1023 παντὸς

96 1043 138 1086 τοι]
153 1042 297 1100 γεννωμένου
312 1051 393 1101 ψυχαῖς
413 1043 530 1099 ἐπιδημῶν
548 1045 595 1087 εὀτι
616 1041 678 1091 νοῦς.
715 1040 773 1087 ὅθεν
796 1041 837 1088 ουίι
859 1040 923 1089 abaci
945 1043 1058 1096 abdicasse,

96 1107 145 1157 αλλ’
159 1109 216 1157 ὅταν
231 1108 271 1156 ὑπ’
287 1109 360 1158 αὐτοῦ
375 1113 547 1168 νείευοθωμεν,
562 1107 587 1156 ιδ
603 1112 689 1157 εἰιείνου
705 1108 814 1169 βούλημα
830 1122 906 1158 ποιεῖν
926 1115 1058 1170 ἐπιθυμού-

96 1199 147 1239 μεν.
182 1186 203 1227 οἱ
218 1182 259 1227 di4
279 1181 364 1227 ἐκείνου
380 1182 454 1239 βουλῇ
474 1181 657 1238 ἐπιθυμοῦντες,
678 1179 746 1240 χαί-ριν
766 1186 815 1239 τηςἸ
828 1183 953 1241 λεγομένης
973 1185 1059 1240 σωφρο-

98 1252 166 1312 σιίνης
180 1262 270 1311 κρατεῖν
286 1253 325 1307 της
340 1252 467 1308 ἐπιθυμίας
482 1249 660 1312 ἐπιχειρήσωμεν
670 1251 687 1306 ⁵,
703 1253 751 1305 πῶς
766 1253 795 1312 aqi
809 1250 1058 1312 ποίντωνπρεσβυτοίτῳ

73 1325 157 1376 meede
173 1341 197 1368 τε
212 1323 249 1368 ταί
266 1320 396 1380 ἀνθρώπων
412 1319 620 1384 οίντιπροίττοννες6
636 1321 663 1369 οὐ
679 1320 708 1369 τοί
723 1323 818 1381 μέγιστα
835 1317 992 1381 σίσεβησωμενς

154 1393 187 1438 xl.
215 1389 287 1439 Ἀλλτί
304 1393 377 1439 παῖσαι
392 1396 437 1451 μὲν
453 1390 623 1455 οἷνεηίχθωααν7
640 1393 700 1451 crispi
711 1390 788 1452 θύραι,
803 1391 889 1444 πάντες
904 1395 927 1440 di
942 1396 1057 1455 μοχθηροί

98 1535 194 1594 sancitas)
207 1538 268 1592 jussu
284 1536 370 1592 amoris,
387 1534 521 1590 antiquissimi
537 1536 626 1579 omnium
641 1536 710 1592 pueri,
726 1536 813 1579 salutem
832 1536 886 1579 dicit.
921 1536 1016 1592 Cognovi
1036 1543 1056 1581 te

98 1609 187 1650 animum
203 1608 228 1650 ad
244 1607 332 1650 studium
347 1606 458 1661 sapientiae
474 1607 587 1662 applicare,
604 1612 624 1649 et
640 1608 665 1649 ob
683 1608 779 1649 virtutem
794 1607 891 1650 aemulari
906 1609 1013 1651 meliorum
1020 1609 1055 1651 vi-

97 1685 143 1722 tam.
175 1678 261 1728 Quinam
276 1689 328 1720 vero
344 1677 441 1719 meliores
457 1677 506 1733 sint,
523 1689 583 1732 quam
599 1678 653 1720 inter
668 1678 736 1720 omnia
752 1677 785 1734 dii,
801 1682 821 1720 et
835 1678 889 1720 inter
903 1678 997 1723 homines
1008 1680 1056 1734 phi-

72 1748 195 1804 aolosophi?
224 1747 253 1789 llli
273 1760 362 1801 namque
380 1748 419 1791 soli
439 1748 516 1805 sciunt,
542 1761 643 1803 quaenam
660 1762 686 1792 ex
707 1749 820 1792 actionibus
836 1755 909 1792 natura
930 1750 970 1803 sint
990 1751 1056 1792 malae

95 1826 130 1862 aut
144 1821 221 1875 bonae,
249 1824 269 1861 et
289 1830 389 1872 quaenam
410 1819 532 1873 perlegam
550 1818 634 1861 decreta
649 1820 712 1875 tales,
734 1832 780 1861 cum
801 1831 843 1861 non
863 1821 911 1877 sint,
934 1820 1054 1866 habeantur.

93 1891 138 1933 Jam
153 1902 205 1945 ergo
221 1889 352 1943 adulterium,
369 1889 425 1943 quod
441 1888 524 1946 dieitur,
542 1890 635 1931 nonnulli
651 1891 753 1933 actionem
768 1891 842 1932 malam
857 1904 904 1935 esse
914 1892 1053 1949 crediderunt,

93 1963 140 2005 licet
155 1960 272 2004 omnimode
292 1960 347 2001 bona
367 1960 398 2002 sit.
432 1958 483 2000 Nam
505 1959 530 2000 ad
551 1961 635 2014 generis
655 1960 843 2014 multiplicationem
863 1964 924 2018 J'ussu
949 1962 1053 2018 Cupidinis

94 2037 210 2075 excreetur.
241 2030 278 2073 Est
292 2035 360 2077 autem
376 2028 453 2084 Cupido
477 2029 564 2072 deorum
586 2031 675 2073 omnium
700 2031 858 2085 antiquissimus.
894 2033 979 2088 Absque
1000 2036 1053 2076 enim

69 2104 194 2158 cassupidine
209 2115 252 2145 non
268 2102 428 2155 elementorum,
447 2112 488 2142 non
505 2100 602 2156 deorum,
624 2114 667 2143 nou
681 2101 796 2158 bominum,
817 2115 859 2145 non
881 2104 987 2147 brutarum
1008 2106 1054 2147 ani-

92 2175 200 2229 mentium,
215 2185 259 2215 non
274 2177 391 2214 ceterorum
408 2171 497 2213 omnium
509 2183 635 2227 congressus
650 2173 684 2215 vel
694 2175 802 2227 generatio
818 2175 862 2217 fieri
873 2182 947 2230 potest.
978 2176 1053 2220 Omnes

92 2248 167 2289 etenim
184 2245 259 2286 amoris
275 2254 345 2285 sumus
360 2243 501 2285 instrumenta.
532 2242 572 2286 Sed
587 2243 632 2297 ipse
647 2255 705 2286 niens
719 2255 757 2297 per
772 2257 811 2287 nos
827 2245 905 2302 opifex,
922 2247 947 2289 ad
963 2254 1052 2290 cuncto-

92 2330 137 2360 rum
153 2328 207 2371 quae
223 2316 337 2371 gignuntur
352 2313 429 2356 animas
447 2312 565 2357 adveniens.
604 2314 662 2356 Unde
677 2326 720 2356 non
737 2315 818 2369 quando
834 2316 871 2369 ipsi
889 2317 992 2375 volumus7
1015 2319 1052 2361 sed

93 2388 176 2444 quando
193 2387 217 2428 ab
235 2399 260 2429 eo
273 2385 382 2442 jubemur²
403 2384 456 2427 illius
471 2384 597 2427 voluntatem
616 2385 687 2429 lacere
709 2386 855 2429 desideramus.
892 2388 951 2437 Quod
970 2390 997 2446 si,
1017 2391 1052 2444 qui

68 2464 139 2518 apejus
156 2459 260 2503 voluntate
276 2458 378 2512 cupimus,
399 2456 529 2510 cupiditatem
544 2462 630 2511 propter
644 2457 663 2498 id
680 2457 736 2511 quod
752 2462 839 2500 vocatur
854 2458 949 2512 pudicitia
965 2460 1051 2503 uitamur

94 2531 242 2587 comprimere,
258 2541 298 2583 quo
314 2527 376 2570 modo
392 2527 440 2569 dum
456 2529 546 2569 omnium
562 2527 648 2569 deorum
663 2528 812 2583 hominumque
827 2529 966 2584 antiquissimu
982 2530 1051 2573 refra-

93 2615 177 2661 gamur,
193 2612 236 2641 non
251 2599 356 2640 maximam
372 2599 497 2654 impietatem
513 2598 658 2641 admittemus?

150 2672 183 2718 XI.
214 2671 313 2713 Universa
328 2671 397 2725 itaque
412 2671 450 2725 ipsi
466 2676 537 2724 aperta
553 2669 592 2712 sint
608 2670 670 2726 ostia,
686 2675 706 2712 et
723 2682 795 2713 omnes
810 2670 909 2714 molestae
925 2683 949 2713 ac
964 2670 1049 2713 adsciti-

125 2927 142 2965 1.
172 2923 228 2961 ltaO
251 2926 270 2959 et
289 2932 312 2958 en
333 2923 411 2970 coniect.
427 2920 452 2969 Ο,
477 2919 560 2971 φιλοσο-
615 2922 633 2956 6,
663 2919 707 2956 Post
722 2912 890 2971 ἀντιπράττοντας
909 2919 927 2956 in
949 2917 1048 2966 Olcgitur

96 2979 143 3034 piac
158 2984 183 3022 id.
198 2981 216 3020 in
232 2986 289 3020 textu.
585 2972 731 3029 ἄνεώχθωσαν,
747 2980 795 3026 qnod
808 2990 831 3017 ex
846 2977 964 3027 sequentibus
980 2989 1048 3027 perpe-

125 3047 144 3080 2.
173 3037 261 3093 γέννησις
276 3040 298 3079 C.
584 3047 623 3073 ram
638 3034 718 3086 irrepsit¹

126 3103 144 3139 3.
174 3095 194 3139 di
209 3101 251 3138 add.
267 3112 282 3137 ο.
300 3099 321 3137 0.
615 3098 635 3133 7.
664 3089 797 3145 ἀνεῴχθωοαν
810 3096 830 3146 0,
846 3101 866 3134 ut
874 3095 1048 3146 Jamproposuit83

126 3161 145 3197 4.
175 3154 190 3196 δ’
208 3159 227 3196 Ο.
585 3147 713 3207 ἀνεῴχθησαν
728 3154 747 3193 G.

127 3219 145 3259 5.
176 3213 320 3272 ἐπιχειρήσομεν
336 3215 358 3257 0.
