2276 3612
94 210 142 257 xvi,
161 212 177 249 t.
195 214 213 251 ν.
278 182 280 187 ’
553 210 594 254 ate

483 360 607 406 OMIAIA
626 359 663 409 ις’.

122 511 124 515 ,
152 465 166 507 Ι,
192 462 297 519 Ὄρθροο
313 463 335 507 (λέ
351 461 412 517 έξιολν
434 462 549 523 έΠέτρος
564 466 599 510 ιιαί
621 463 713 515 έτιιστολς
734 464 769 508 ἐπί
785 460 929 521 advocatiae
944 467 986 508 τού
1002 464 1050 508 dm-

95 537 201 592 λέγεσθαι
213 530 287 579 τόπον
303 533 370 594 ὄχλον
386 534 461 582 πολύν
477 538 603 580 συνεστῶτα
619 536 678 581 εἷλον
688 536 703 579 ¹.
732 533 766 578 ναί
783 532 832 590 ἅμα
848 535 877 591 τῷ
892 535 983 589 μέλλειν
1000 533 1050 578 ιλια-

95 606 197 661 λέγεσθαι
213 599 283 647 αὐτὸν
299 602 367 662 εἰσῄει
383 622 416 654 τις
431 608 476 652 τῶν
493 603 566 652 οὗτοι]
582 607 692 653 διακόνων
708 606 785 663 λέγων·
803 604 880 660 Σίγνιον
896 597 942 648 <iat
956 600 1049 649 Ἀντιο-

78 686 87 717 5
93 673 153 731 χείας
167 669 280 729 έληλνθολς
295 670 348 718 e'rv'2
363 671 435 732 αὐτης
448 677 555 733 ἑσπέρας,
570 672 655 733 μαθών
671 673 831 735 αποσχόμονόν
846 691 869 717 σε
884 669 922 718 τὸν
938 675 988 730 περὶ
1004 691 1048 730 μο-

94 742 185 801 ναρχίας
202 748 317 789 ποιεῖσθαι
332 742 400 803 λόγον
409 745 426 800 ³,
450 743 541 804 ἕτοιμός
556 750 602 791 ἐστι
617 746 674 803 μετα
695 746 737 804 ye4
752 742 912 801 ’Aopvoddpoe
927 747 968 790 τον
980 741 1049 788 Ἐπι-

92 814 193 869 ιονρείοο
208 813 357 875 διαλεγομένῳ
373 834 408 861 σοι
423 820 540 870 ἐπελθεῖν,
564 816 619 874 πρὸς
634 813 659 861 τὸ
674 813 798 873 ἀντιλέγειν
813 813 909 872 ιλημοσίιγ
933 816 1049 871 πασιτοῖς

91 878 138 926 ὑπὸ
153 884 195 927 σού
212 879 330 928 dadonem
344 882 402 943 ν’πέρ
417 887 542 947 μοναρχίας
558 888 687 945 λεγομένοις
702 883 787 945 λόγοιςι
818 885 893 930 ταντα
912 884 953 930 τοῦ
973 881 1049 929 deant-

92 968 133 997 νον
149 953 265 1009 λέγοντος,
281 949 330 998 ἰιλοιλ
348 951 416 1006 αὐτὸς
432 955 501 1015 εἰσῄει
518 958 595 1014 Σίμων
610 952 667 1012 μετολ
690 952 852 1013 Ἀθηνοδώρου
872 954 908 999 καί
924 952 995 998 ἄλλων
1014 970 1048 996 τι-

67 1035 85 1068 1o
93 1023 137 1067 νῶν
152 1023 196 1068 τῶν
213 1024 334 1080 έταίροιν5.
370 1027 407 1070 ναὶ
428 1024 472 1084 πρὸ
488 1029 529 1072 τού
544 1044 566 1071 τι
586 1024 625 1071 τὸν
645 1027 731 1083 Πέτρον
745 1027 889 1084 φθέγξασθαι
905 1019 975 1075 odada
990 1040 1047 1081 προ-

91 1089 169 1150 λαβσλν
185 1090 234 1150 Ιἔφη.

147 1162 171 1205 Π.
199 1161 312 1220 Ἕμαθον
327 1164 354 1215 οἷς
368 1164 561 1226 ὑπέσχονέχθὲςὸ
584 1167 613 1224 τῷ
631 1164 737 1221 Φαύστῳ,
759 1168 790 1215 εἰς
806 1165 848 1221 την
863 1159 962 1222 σήμερον
981 1165 1047 1216 (λεῖξαι

90 1233 118 1290 τῇ
133 1227 194 1284 τολξιι
209 1231 248 1277 τὸν
264 1232 331 1292 λόγον
347 1232 497 1292 ποιούμενος,
521 1237 559 1281 καὶ
580 1230 619 1281 ἀπ’
642 1230 712 1279 αὐτοι)
733 1234 856 1295 ολρχόμενος
874 1236 915 1279 τοι]
931 1235 975 1278 τοῖν
991 1232 1047 1282 ὅλοιν

91 1301 210 1355 ιλισπότον,
225 1300 260 1348 ὅτι
277 1300 347 1349 αὐτὸν
361 1301 436 1360 μόνον
451 1304 483 1349 dei
496 1305 569 1361 λέγειν
584 1303 664 1357 θεόνῖ,
686 1302 766 1354 ίίλλοος
786 1305 809 1349 dd
830 1300 887 1362 μητε
902 1305 974 1362 λέγειν
990 1300 1047 1359 μήτε

66 1374 199 1429 decapitata,
216 1369 277 1419 ὅτιὸ
296 1371 358 1430 acopo}
374 1374 442 1419 cocao
460 1377 531 1419 παιών
546 1375 639 1424 αἰωνίοις
654 1376 796 1430 αολαοθηναι
811 1373 863 1435 'dper-
893 1369 936 1432 πρέ
953 1373 1046 1419 πάντων

90 1442 113 1486 ot
129 1440 220 1498 οίληθολς
236 1445 429 1502 ιιαταπέπληγμαί
444 1462 484 1490 σον
499 1441 541 1502 την
557 1442 670 1491 ἀπόνοιαν
680 1445 697 1498 3,
721 1443 756 1490 ὅτι
780 1443 876 1504 ἤλπισας
897 1447 928 1494 εἰς
949 1440 990 1502 την
1006 1441 1047 1502 οην

89 1510 201 1568 βούλησιν
212 1510 352 1571 ’μεταπεῖσαι
368 1510 438 1571 ἄνδρα
452 1512 538 1571 σοφόν,
560 1516 683 1561 καὶταῦτα
699 1513 856 1573 πρεσβύτην,
874 1512 921 1560 ttt’
937 1512 976 1559 οὐν
997 1519 1045 1559 έπι-

89 1582 159 1642 τεύξη
174 1585 218 1629 τών
240 1584 283 1629 σῶν
298 1580 470 1641 βονλονμιίτοιν,
492 1579 566 1645 ταύτῃ
586 1587 688 1641 μαλλον)
712 1583 824 1643 παρόντος
842 1586 910 1641 sprot),
932 1586 969 1630 ααὶ
992 1581 1046 1636 τούς

479 1759 587 1802 HOMILIA
606 1760 656 1803 XVI.

63 1874 83 1906 ao
146 1866 160 1909 Ι.
190 1868 249 1909 diane
265 1879 315 1910 vero
332 1878 430 1922 egressus
445 1867 528 1921 Petrus,
546 1879 592 1909 oum
609 1867 700 1911 venisset
715 1867 739 1909 ad
757 1867 834 1923 locum,
849 1867 869 1908 in
886 1879 926 1920 quo
942 1867 1044 1910 disserere

87 1938 179 1993 solebat,
195 1940 299 1993 ingentem
315 1938 420 1980 hominum
435 1938 583 1980 multitudinem
599 1935 721 1981 convenisse
742 1936 796 1979 vidit.
835 1938 860 1979 Et
879 1938 937 1980 simul
957 1951 981 1979 ao
1000 1940 1044 1993 ipse

85 2010 126 2064 J'anr
142 2015 197 2051 esset
210 2010 326 2065 locuturus,
342 2010 432 2051 introivit
448 2010 529 2064 quidam
545 2024 571 2053 ex
587 2012 631 2065 ejus
645 2010 752 2064 Draconis,
768 2009 847 2052 dicens:
872 2008 952 2065 Simon,
968 2011 1002 2064 qui
1018 2011 1042 2051 ab

87 2080 196 2123 Antiochia
212 2082 255 2134 ipsa
270 2093 358 2134 vespera
372 2076 439 2132 venit,
463 2081 548 2123 audiens
563 2087 583 2122 te
602 2081 719 2135 promisisse
735 2081 760 2122 de
779 2080 897 2122 monarchia
913 2094 951 2123 seu
965 2081 1043 2135 prinoi-

87 2156 135 2204 patu
151 2152 210 2194 unius
226 2151 290 2192 verba
306 2163 353 2193 esse
370 2151 481 2208 iacturum,
503 2157 585 2205 paratus
607 2157 638 2194 est
658 2164 697 2193 una
719 2165 763 2193 oum
782 2151 915 2193 Athenodoro
940 2153 1042 2206 Epicureo

61 2222 122 2263 25tibi
138 2221 247 2265 disserenti
261 2222 396 2277 intervenire,
417 2228 439 2264 ut
453 2222 519 2275 palam
539 2223 644 2276 impugnet
664 2222 731 2263 omnia
747 2233 889 2275 quaecumque
903 2234 940 2275 pro
956 2235 1041 2264 monar—

87 2294 132 2335 chia
149 2298 196 2335 ate
212 2291 406 2346 quomodocumque
421 2291 554 2346 proferentur
569 2292 639 2334 verba.
669 2292 725 2334 Haec
741 2292 821 2334 dicente
835 2292 927 2334 Diacono
944 2305 993 2335 ecce
1007 2295 1040 2335 in-

87 2376 173 2420 gressus
190 2369 221 2406 est
236 2363 305 2405 Simon
322 2375 367 2404 eum
376 2362 512 2406 Athenodoro
529 2364 614 2418 aliisque
629 2364 731 2405 nonnuliis
747 2363 868 2407 sodalibus:v
878 2368 903 2419 et,
919 2369 965 2406 ante
981 2376 1040 2418 quam

86 2437 158 2478 Petrus
176 2434 250 2488 aliquid
264 2434 379 2490 proferret,
393 2435 436 2489 ipse
452 2434 564 2488 anticipans
580 2435 617 2475 ait:
1042 2472 1044 2475 ,

144 2505 167 2549 ΙΙ.
199 2505 302 2559 Comperi‚
317 2511 338 2547 te
353 2505 397 2548 heri
411 2506 487 2549 Fausto
500 2505 612 2560 pollicitum
628 2515 684 2561 esse,
707 2504 763 2559 quod
784 2503 845 2547 hodie
859 2504 927 2546 habito
944 2517 1040 2548 sermone

58 2585 77 2617 to
86 2578 159 2621 ordine
176 2588 235 2620 esses
250 2581 378 2633 ostensurus,
396 2583 416 2619 et
430 2576 545 2631 incipiendo
562 2577 586 2618 ab
602 2576 647 2630 ipso
662 2577 804 2618 universorum
819 2576 916 2631 Domino,
940 2588 986 2617 eum
1001 2588 1039 2618 so-

83 2653 126 2693 lum
142 2647 253 2690 dicendum
268 2658 315 2689 esse
335 2647 411 2703 Demn,
435 2648 486 2690 aiios
504 2659 555 2689 vero
576 2659 645 2700 neque
665 2646 774 2701 dicendos,
797 2659 865 2701 neque
888 2646 1039 2701 existimandos,

85 2720 192 2777 quoniam,
211 2718 245 2772 qui
258 2728 319 2760 secus
333 2717 416 2774 iecerit,
431 2723 533 2773 perpetuo
551 2717 648 2771 supplicio
665 2716 787 2758 multabitur.
816 2717 869 2760 Ante
885 2719 952 2759 omnia
972 2722 1039 2759 autem

84 2806 135 2836 vere
150 2789 269 2834 vecordiam
284 2793 339 2830 tuam
354 2789 463 2833 demiratus
479 2801 541 2844 sum,
557 2787 611 2842 quod
632 2788 748 2841 speraveris
769 2793 789 2829 te
805 2799 867 2843 posse
882 2788 902 2829 in
917 2794 972 2830 tuam
987 2800 1038 2830 sen-

83 2864 167 2908 tentiam
183 2861 288 2904 adducere
303 2860 368 2901 virum
383 2862 505 2917 sapientem,
521 2860 547 2902 ad
562 2859 614 2901 haec
628 2870 705 2901 senem.
742 2857 769 2901 At
784 2853 837 2915 quae
852 2860 882 2902 vis
898 2871 940 2901 non
956 2859 1038 2902 obtine-

116 2977 134 3012 1.
164 2973 190 3011 ita
206 2972 220 3010 0
237 2984 253 3010 c.
269 2969 292 3018 S,
309 2964 349 3009 toea
364 2969 384 3008 G.
604 2968 623 3005 5.
653 2963 790 3020 τῶνέταίροιν
806 2981 841 3008 om.
858 2969 879 3008 0.

114 3037 133 3072 2.
164 3024 366 3081 temtator
605 3030 623 3065 6.
652 3021 736 3077 χθὲςθ.

115 3095 134 3133 3.
165 3088 226 3143 λέγων
242 3089 263 3129 0.
604 3086 623 3123 7.
653 3081 703 3124 θεόν
717 3086 777 3125 addidi
793 3099 832 3125 oum
849 3085 863 3123 Ο
879 3089 897 3122 et
912 3084 959 3134 Epit.

116 3154 134 3188 d.
164 3163 184 3201 γε
200 3148 269 3189 omo,
300 3150 344 3186 Tun
359 3143 490 3199 διαλεγομένῳ
506 3147 549 3185 Oc.
605 3145 623 3182 8.
653 3140 748 3197 πρόνοιαν
763 3147 787 3195 G,
802 3139 898 3186 ὑπόνοιαν
911 3144 959 3194 Epit.

87 3209 144 3260 Epit,
158 3204 296 3261 διαλεγομένου
312 3207 332 3246 G.
