2276 3612
549 210 577 256 27
958 206 971 255 r,
988 207 1007 244 a.
1024 206 1044 244 τ.

84 327 207 375 ὑποθέσεις
217 324 231 384 ἡ
244 324 371 383 κατάληψις
385 325 480 383 γίνεται,
495 323 551 373 dliii
566 325 628 386 παρά
644 325 701 378 ταῶς
714 322 861 389 ε’τιλιιιοῶντας
875 322 899 365 αἱ
908 318 969 371 δόξαν
983 317 1043 365 οἷσθ-

86 400 191 456 φίρονται
202 397 218 450 ¹,
234 401 266 443 ἔτι
281 398 371 453 μάλλον
387 395 486 453 ἰλινγίαν
501 401 525 443 ἐν
540 409 584 449 τοῖς
599 398 740 458 πράγμασιν.
770 390 804 439 τλιὸ
820 397 843 437 ἐν
859 393 901 437 του
916 391 956 448 τῆς
971 392 1044 449 ψυχῆς

84 464 176 527 βάθους
196 468 325 521 ἐστέναζον·
348 463 403 511 οὔτε
422 463 503 524 γάρτι
523 471 648 524 βεβαιῶσαι
664 465 710 516 οἶός
725 462 763 510 τ’2
777 463 854 523 ἢμην,
870 459 923 506 οὔτε
943 455 1044 518 τὴντῶν

84 535 193 582 τοιούτων
215 536 323 595 φροντίδα
353 531 521 583 α’ποσείσασθαι
545 537 674 596 ἐδυνάμην,
699 536 737 582 ταί
758 553 800 593 περ
820 527 976 593 βουλόμενος,
998 526 1044 578 ῶςὸ

85 602 176 665 φθάσας
192 609 267 653 εἶπον·
288 605 322 650 ὅτι
341 610 430 665 ἐιταυτῶ
449 605 589 665 πυκνότερον
609 606 728 670 ἡσυχάζειν
745 604 922 655 ἐπιτάσσοντος,
942 597 982 653 oua
1005 597 1060 644 oid'f‘

84 674 162 726 deest
177 674 340 726 λανθανόντος
354 673 410 734 μεθ’
425 675 508 736 ridearis
525 677 536 723 ὁ
552 677 721 724 τῶντοιούτων
736 696 766 735 με
781 671 895 736 εἰσήρχετο
912 669 1029 729 λογισμός-

140 746 171 789 lv.
202 748 250 790 Καὶ
273 743 344 790 πάλιν
364 746 523 805 α’πορούιιενος
538 749 614 805 ἔλεγον
630 749 728 806 ἐμαυτῷ·
749 746 771 790 τί
789 743 940 801 τιαταιοπονῶ
957 741 1045 795 σαφοῦς

1 822 2 826 ’
56 840 58 844 ·
83 814 205 865 ὄντοςτοῶ
220 814 417 873 πράγματοςςὸτι
432 820 452 862 εἰ
467 820 511 873 μὲν
526 813 608 862 θανών
624 815 664 861 ουίι
680 813 858 872 εἰμί,νυνάντα
873 831 902 868 με
918 816 1045 858 λυπεῖσθαι

83 881 109 929 οὗ
125 885 259 941 πθθσῆλένᾶ·
296 880 330 928 (λό
351 886 440 943 τηρήσω
463 883 490 933 τὸ
507 890 629 933 λυπεῖσθαι
650 889 681 936 εἰς
702 883 743 943 τήν
759 880 823 936 τότε,
843 880 880 928 ὅτε
905 878 954 927 οὔτ’
969 877 1000 925 ῶν
1017 876 1045 924 οὐ

82 951 256 1013 λυπηθήσονται,
285 958 305 1000 εἰ
320 951 338 1000 (λ’
354 953 397 1013 tipo
413 959 472 1015 εἰμί,
487 958 510 1002 τί
525 960 571 1003 νυν
587 961 609 1001 dn
625 958 735 1012 περισσοῶ
751 973 791 1010 ,τισι
807 948 912 1011 ποόςεστι
929 950 1071 999 adtonsi-1⁰

83 1030 152 1081 019‘2‘3
167 1025 204 1069 aot
220 1022 306 1081 ,ὃῦθὲως
322 1023 379 1083 preco?
395 1030 464 1073 τουτο
480 1026 554 1085 ἕτερός
570 1047 599 1085 ple
615 1025 685 1087 εἰσῄει
701 1022 817 1085 λογισμός.
847 1027 923 1079 ἔλεγον
935 1019 990 1079 γάρ·
1008 1018 1043 1077 ,τιή

82 1097 104 1140 τί
116 1094 126 1123 ⁶
139 1113 165 1154 γε
180 1097 221 1139 του
235 1098 279 1140 νῦν
295 1115 324 1152 Ιιιε
340 1098 470 1148 λυποῦντος
484 1102 528 1143 ἐκεῖ
542 1108 615 1159 χεῖρον
631 1104 719 1143 παθεῖν
735 1102 786 1156 ἔχω,
801 1091 835 1152 ,τιν’
849 1089 963 1150 βεβιωκώς
979 1087 1044 1137 ευ’σε·

81 1167 141 1224 βῶς,
163 1165 200 1211 lat
217 1165 409 1224 παραδοθήσοιιαι
431 1165 478 1211 κατ’
498 1169 563 1213 ἐνίων
584 1167 714 1226 φιλοσόφων
738 1165 818 1225 λόγους
845 1163 1044 1220 Πυριφλεγέθοντι

82 1236 118 1279 καὶ
139 1232 247 1294 Ταρτάρῳ
262 1233 290 1285 ὥς
305 1234 433 1294 Σῖσυφοςῆ
452 1234 549 1288 Τιτυάς7
569 1232 669 1294 ἢἸξίτον
685 1234 699 1296 ἢ
719 1233 849 1287 Τάνταλος,
869 1235 1003 1288 catenoplia
1019 1237 1043 1277 ἐν

81 1302 137 1361 (ideo
158 1302 198 1350 τόν
220 1308 290 1351 αἰῶνα
313 1306 479 1363 τολαζὸιιενοςς,
496 1304 586 1354 πάλιν8
606 1326 629 1352 τε
651 1303 822 1364 άνθυπὲφερον)
839 1305 921 1362 λέγων,
941 1298 988 1349 aitt‘
1003 1297 1069 1348 adura

81 1378 127 1420 ε”στι
143 1376 224 1420 ταυτα.
255 1377 290 1421 aci
305 1372 376 1420 πάλιν
391 1380 476 1435 ἔλεγον,
490 1380 509 1422 εἰ
525 1377 548 1422 dd
563 1382 638 1430 ε”στιν5
654 1374 757 1434 άιλάλου9
772 1372 817 1422 οὖν
832 1372 898 1423 ὄντος
915 1371 1044 1430 τοῶλπράγ-

80 1462 164 1503 ματος,
185 1449 274 1504 ἔλεγον,
292 1443 467 1504 άτιντλυνότερόν
487 1450 533 1493 ἐστι
549 1449 638 1505 μάλλον
654 1445 754 1505 εὐσεβῶς
768 1446 851 1504 βιῶοαί
866 1462 904 1501 με.
941 1442 979 1488 ιιαί
995 1444 1044 1493 πῶς

81 1586 254 1641 animadvertens,
270 1587 475 1641 comprehensionem
490 1602 532 1633 non
552 1590 601 1631 oriri
623 1602 650 1632 ex
665 1589 728 1631 rebus
745 1587 770 1630 ad
788 1586 906 1642 agitandum
925 1586 1043 1642 propositis,

40 1652 41 1655 ’
80 1656 117 1699 sed
132 1669 169 1710 pro
185 1658 268 1712 ingenio
285 1657 428 1712 disputantium
444 1662 505 1704 statui
520 1662 626 1717 dogmata,
643 1660 710 1702 adhuc
726 1659 791 1715 magis
806 1658 905 1709 hiscede
918 1658 981 1701 rebus
990 1670 1042 1712 per-

79 1727 152 1780 plexus
167 1727 287 1769 haerebam:
303 1741 367 1782 quare
383 1744 409 1772 ex
426 1733 504 1774 animae
520 1731 624 1786 profundo
640 1731 760 1786 gemebam,
781 1742 850 1784 neque
872 1729 927 1771 enim
948 1732 1068 1783 poteram2⁰

79 1796 130 1838 firmi
145 1798 219 1852 aliquid
235 1799 360 1856 decernere,
380 1815 449 1857 neque
466 1804 492 1845 de
507 1799 550 1845 istis
571 1803 726 1846 sollicitudinem
746 1801 839 1843 valebam
859 1800 975 1855 depellere,
998 1800 1042 1853 etsi,

80 1867 250 1927 quemadmodum
266 1868 307 1910 dixi
321 1876 393 1927 antea,
412 1873 433 1914 id
448 1873 534 1925 vellem;
557 1873 654 1928 quoniam
676 1885 722 1913 cum
743 1872 791 1913 mihi
812 1872 934 1925 frequenter
951 1870 1041 1925 quietem

78 1936 211 1992 imperarem,
226 1939 353 1993 nescioquo
369 1942 431 1985 nrodo
447 1944 534 1985 latenter
542 1943 617 1984 horum
627 1955 674 1983 cum
682 1943 787 1997 voluptate
799 1941 880 1984 subibat
888 1953 920 1982 me
933 1941 1038 1996 cogitatio.

135 2005 166 2049 IV.
197 2008 222 2049 Et
244 2010 317 2050 iterum
338 2010 440 2055 haesitans
456 2014 549 2055 dicebam
565 2013 618 2066 apud
633 2025 676 2054 me:
698 2013 750 2062 Ouid
771 2012 859 2053 inaniter
884 2011 971 2067 laboro,
991 2024 1038 2052 cum

78 2077 184 2121 manifesta
200 2079 226 2121 sit
239 2079 288 2121 res?
319 2080 377 2129 Quod
393 2085 410 2125 si
426 2084 508 2138 quidem
521 2090 569 2138 post
585 2090 673 2126 mortem
687 2097 730 2127 non
745 2095 794 2138 ero,
809 2095 870 2138 nunc,
886 2082 969 2137 quando
986 2088 1062 2138 suman

78 2149 194 2190 contristari
208 2162 241 2190 me
255 2162 298 2191 non
314 2157 402 2204 oportet.
439 2153 540 2202 Quocirca
562 2154 662 2196 tristitiam
682 2154 707 2195 ad
725 2154 780 2195 illum
800 2152 854 2194 diem
870 2152 997 2208 reservabo,
1017 2154 1037 2194 in

78 2231 131 2273 quo,
148 2231 193 2260 cum
209 2219 289 2262 iuturus
305 2233 347 2263 non
362 2223 409 2278 sim,
425 2236 467 2267 non
483 2226 626 2267 contristabor.
666 2226 686 2268 Si
706 2231 773 2267 autem
791 2236 839 2280 ero,
864 2237 901 2272 cur
920 2236 975 2265 nunc
991 2225 1038 2267 mihi

78 2289 181 2342 superfluo
197 2291 250 2332 inest
264 2291 359 2333 tristitia?
390 2294 501 2350 Statimque
516 2303 589 2350 postea
605 2297 643 2338 alia
658 2310 691 2338 me
713 2296 774 2339 subiit
797 2295 901 2350 cogitatio.
940 2295 1037 2337 Dicebam

78 2361 162 2414 quippe:
177 2375 203 2403 an
218 2375 260 2405 non
276 2363 316 2404 illic
331 2366 390 2420 peJus
407 2367 509 2421 quidpiam
524 2381 550 2410 eo
567 2368 623 2423 quod
640 2381 672 2410 me
687 2381 742 2410 nrrnc
758 2367 845 2416 cruciat,
866 2378 965 2420 passurus
986 2379 1037 2422 sum,

77 2432 94 2472 si
108 2433 141 2485 pie
157 2444 199 2474 non
214 2435 300 2488 vixero,
315 2447 339 2475 ac
354 2437 467 2478 secundnm
483 2439 612 2492 quorundam
627 2438 796 2492 philosophorum
812 2436 1062 2492 sermonesPyriphle-ao

78 2502 169 2555 gethonti
191 2504 303 2546 tradendus
321 2518 365 2546 sum
389 2513 409 2549 et
431 2507 528 2564 Tartaro,
551 2509 723 2562 quemadmodum
738 2508 837 2562 Sisyphus
862 2508 896 2563 vel
915 2508 984 2562 Tityus
1004 2508 1036 2549 vel

77 2571 135 2613 Ixion
150 2574 184 2615 vel
198 2574 304 2629 Tantalus,
321 2581 382 2630 atque
397 2578 417 2618 in
433 2578 514 2621 inlerno
533 2584 639 2621 aeternum
658 2579 745 2632 puniar?
775 2578 894 2633 iterumque
912 2579 1035 2633 replicabam

77 2641 155 2686 dicens:
177 2646 217 2688 Sed
231 2648 269 2689 ista
284 2660 326 2689 uon
342 2654 395 2691 sunt.
426 2648 547 2703 Rursusque
563 2649 653 2690 aiebam:
675 2648 702 2690 At
718 2650 735 2691 si
750 2654 803 2691 sunt.
840 2649 889 2691 Cum
905 2649 978 2704 igitur,
999 2649 1034 2688 in-

77 2714 182 2771 quiebam,
204 2717 283 2759 incerta
298 2730 333 2760 res
348 2719 383 2774 sit,
403 2718 466 2760 multo
489 2719 554 2773 magis
576 2724 633 2760 extra
653 2719 766 2772 periculum
788 2725 830 2776 est,
852 2721 886 2774 pie
904 2732 937 2761 me
957 2721 1033 2762 vivore.

107 2913 124 2948 1.
154 2912 187 2950 llio
203 2925 275 2963 quoque
291 2916 389 2964 legendum
409 2922 437 2955 est
452 2912 541 2968 άποφαιῖ-
565 2914 672 2969 apricitas
692 2931 711 2967 p.
731 2915 759 2962 εἰς
786 2913 822 2969 τὴν
837 2915 888 2956 τότε.
928 2916 965 2954 Gfr.
986 2916 1034 2967 Epil·

75 2981 152 3018 υονται,
169 2977 187 3010 ut
202 2973 249 3022 Epii.
265 2985 304 3021 cap.
321 2978 339 3012 3.
357 2976 376 3014 G.
565 2978 577 3015 l.
593 2989 608 3014 c.
624 2978 643 3014 S.
1001 3006 1002 3009 =

105 3032 132 3065 2..
154 3044 174 3069 τε
191 3032 210 3069 G.
235 3032 315 3071 Subinde
331 3030 377 3073 odoi
392 3047 426 3084 pro
444 3029 488 3073 οἵτε
504 3035 526 3073 O.
596 3040 615 3073 6.
645 3032 712 3086 ἔλεγον
728 3030 778 3086 γάρ,
794 3032 812 3074 εἰ
825 3029 850 3086 μή
867 3034 887 3071 G·

105 3089 123 3123 3·
154 3084 269 3132 chromo,
595 3097 614 3131 7.
648 3092 756 3138 Τι’τυαςῦ.

105 3147 124 3183 4.
155 3145 200 3185 oidd
216 3165 259 3195 πως
277 3151 297 3188 C.
318 3151 360 3187 Turn
376 3152 400 3192 id,
414 3167 448 3201 μοι
463 3165 481 3200 ρ.
495 3166 525 3202 pe.
594 3154 613 3190 8:
644 3149 678 3193 καὶ
693 3150 754 3192 πάλιν
769 3164 790 3188 τε
806 3151 826 3189 0·

107 3207 124 3241 5.
154 3204 250 3259 προσήκει
272 3209 318 3258 Epit.
333 3220 349 3247 c.
365 3213 385 3250 4.
408 3212 494 3249 Fortasse
514 3207 541 3255 εἰς
595 3215 613 3249 9.
645 3209 667 3251 οὐ
685 3209 746 3264 λάλου
761 3213 781 3249 C.
