2276 3612
537 241 579 285 339
902 242 966 292 unu,
980 246 998 282 r.
1014 245 1034 281 s.

7 381 8 384 =
73 352 110 405 κός
129 352 299 413 στιλπνότεροέ,
315 352 344 407 ὥς
359 354 416 414 πρός
431 350 547 412 ον’γκρισιν
562 353 634 402 αὐτοι]
649 356 673 403 τό
690 354 754 415 optino
771 357 815 415 φῶς
831 354 968 413 λογισθῆναι
983 353 1034 400 σκό-

71 442 116 474 τος.
147 421 193 469 dtt‘
211 421 261 471 οὐδὲ
276 422 312 471 ded
328 429 398 472 τούτο
414 421 459 470 dea
476 429 530 484 ἔχει,
559 432 596 473 ἵνα
613 423 695 488 οἷκοόγγ,
715 425 865 489 πανταχόθεν
885 423 929 484 γοὶρ
948 422 1034 481 enodet,

70 503 117 540 νοεῖ
123 527 128 545 ,
144 502 199 538 κινεῖ
206 492 221 547 ¹,
236 499 327 553 ἐνεργεῖ,
344 506 411 541 ποιεῖ.
446 491 489 550 τόν
504 495 527 540 dd
542 497 663 554 καλλίστην
683 494 775 554 μορφὴν
795 503 839 558 ἔχει
857 494 884 542 δι’
900 494 1034 552 ἄνθρωπον,

71 569 108 609 ἴνοι
125 567 146 608 οἱ
162 567 259 622 καθαροὶ
275 567 304 624 τῇ
320 567 415 628 κοιρθῖριῖ
431 562 503 611 αὐτόν
519 567 572 612 idaia
588 568 728 625 δυνηθεῖσιν,
745 573 782 613 ἵνα
798 571 880 626 χοιρώσι
893 566 920 613 dt'
935 565 949 612 ό
965 567 1033 611 τιναὸ

71 634 143 678 ταῦτα
162 629 298 692 ὑπέμειναν.
329 637 357 696 τῇ
371 636 415 696 γιὶρ
431 635 505 682 adeon
520 639 598 696 μορφῇ
614 636 640 687 οἷς
657 641 681 683 ἐν
700 638 795 697 μεγίστῃ
812 640 914 697 σφραγῖδι
930 635 971 684 τόν
990 636 1044 682 ‹te-5

70 711 163 760 θρνπον
179 703 343 758 distenderet),
362 705 423 758 ὅπως
439 703 547 751 ἁπάντων
563 705 619 767 οἵρχγ
636 710 671 753 καῖ
687 702 790 766 καριεόργ,
812 710 848 753 καὶ
870 708 948 754 πάντα
972 703 1032 767 αὐτῷ

71 770 172 833 θονλεόγ.
200 771 327 832 θιόκρίνας
341 777 399 821 εἶναι
415 773 440 822 τό
458 776 505 820 πεῖν
522 771 606 829 αὐτόν,
629 778 665 821 καὶ
683 773 724 833 τόν
746 773 820 821 adeor}
836 777 911 823 εἰκόνα
933 779 973 823 τόν
989 775 1031 824 όν-

6 858 8 905 ζ
70 851 177 901 θρωπον,
193 842 261 894 αὐτός
277 840 385 901 α’όροιτος,
403 846 417 905 ἡ
432 847 455 892 dd
472 843 544 891 αὐτοῦ
561 844 624 892 εἰκών
641 843 652 892 ό
669 845 792 903 ἅνθρωπος
808 843 910 904 decredat,
933 847 944 893 ἆ
960 846 1031 894 ον’τόν

6 956 8 979 ,
71 916 147 971 σέβειν
162 916 236 960 θέλειν
252 911 294 971 τὴν
309 913 393 974 ὁρατόν
408 914 481 963 αὐτοῦ
497 919 553 976 ommi
570 913 658 966 εἰκόνα,
674 913 730 972 ὅπερ
746 917 805 961 ἐστὶν
821 914 949 973 α’νθραπος.
980 917 991 963 ό
1008 938 1029 964 τι

6 984 8 1034 ἒ
69 980 98 1029 σ’ἶν
113 979 156 1029 οὖν
172 1003 206 1035 τις
222 984 325 1045 ποιήσγγ5
341 982 463 1045 ἀνθρώπῳ,
480 989 524 1031 εἴτε
542 982 634 1044 οἷγοιθόν
643 988 687 1030 εἴτε
704 984 783 1038 κακόν,
798 989 830 1035 εἰς
846 990 930 1031 ἐκεῖνον
946 986 1028 1044 όνοιφὲ-
1036 995 1056 1029 10

70 1072 139 1112 ρεται.
169 1052 210 1116 διό
233 1057 270 1100 καὶ
292 1053 305 1115 ἡ
328 1062 349 1111 ἐξ
371 1054 447 1105 adeon
468 1059 539 1115 κρίσις
560 1059 616 1104 πάσι
637 1053 685 1101 κατ’
701 1053 766 1109 datae
781 1054 929 1113 οἷπονὲμονσα
945 1056 1031 1115 ἑκάστῳ

6 1144 7 1147 “
69 1123 251 1183 apostatandi.
281 1126 324 1183 τήν
339 1123 381 1186 γοῖρ
397 1125 469 1173 αὐτοῦ
483 1124 578 1186 μορφιγν
593 1128 678 1172 dadraei.

5 1247 7 1257 ζ
125 1195 174 1240 vlu.
203 1195 295 1242 *Attd7
310 1201 353 1254 ε’ρεῑ
368 1202 453 1248 τιςθεί
468 1196 560 1255 μορφὴν
575 1202 630 1257 ἔχει,
653 1198 688 1243 καὶ
706 1197 783 1256 σχῆμα
803 1201 846 1256 ἔχει
867 1196 904 1241 καὶ
925 1200 949 1240 ἐν
969 1196 1030 1252 τόπῳ

5 1269 7 1317 s
69 1266 180 1311 ἐστίν’ἐν
195 1263 256 1322 τόπῳ
272 1266 295 1312 dd
311 1264 341 1312 de
356 1272 392 1314 nat
410 1264 450 1314 ὕπ’
473 1265 546 1314 αὐτον
567 1265 725 1327 περιεχόμενος
749 1262 777 1315 σός
797 1264 883 1323 ἥττων,
902 1268 948 1315 πῶς
969 1263 1029 1324 ὑπὲρ

69 1334 163 1381 πόντοιὸ
177 1337 222 1381 ἐστὶ
238 1337 322 1393 μέγας,Ι
343 1338 390 1388 πῶς
408 1340 432 1385 dd
452 1339 487 1383 eet
508 1340 613 1398 πανταχῆ
629 1338 686 1388 εἶναι
702 1335 811 1388 doverae,
831 1340 856 1382 ἐν
872 1336 969 1395 σχήματι
984 1336 1053 1391 ὤνςίῖ

68 1402 124 1463 πρός
139 1404 179 1452 τόν
194 1407 267 1452 ταῦτα
284 1409 379 1464 λέγοντο
395 1410 484 1465 πρώτον
501 1412 562 1453 ἔστιν
578 1411 658 1452 εἰπεῖν·
677 1408 774 1451 τοιαύταν
790 1407 838 1463 περὶ
855 1403 926 1450 ednod
937 1410 960 1450 αἱ
973 1423 1028 1463 γρα-

5 1468 7 1471 ’
69 1474 126 1532 pem
141 1485 233 1533 φρονεῖν
248 1476 354 1523 πείθονσι
375 1479 412 1522 καὶ
429 1475 560 1530 πιστεύειν,
580 1473 646 1534 ἡμεῖς
670 1477 694 1522 di
715 1474 809 1534 οἶλιγθεῖς
828 1471 968 1533 γινώσκομεν
989 1473 1029 1525 τοῖς

68 1616 205 1672 splendidior,
227 1617 279 1659 adeo
295 1622 317 1659 ut
333 1617 352 1658 ei
369 1624 508 1672 comparatum
524 1619 572 1661 sotis
587 1619 655 1660 lumen
675 1630 712 1672 pro
729 1616 820 1659 tenebris
839 1621 952 1671 reputetur.
986 1618 1026 1659 Sed

67 1700 106 1729 nee
121 1687 168 1729 ideo
184 1687 245 1730 habet
260 1701 329 1744 aures,
345 1693 368 1730 ut
380 1689 456 1744 audiat,
482 1690 528 1743 quia
546 1690 600 1731 omni
617 1702 644 1731 ex
663 1694 722 1743 parte
739 1688 806 1744 audit,
826 1688 927 1744 intelligit,
951 1693 1026 1742 movet,

68 1764 174 1814 operatur,
191 1758 244 1800 facit.
274 1760 417 1801 Pulcerrimam
435 1765 501 1802 autem
516 1760 673 1802 formamhahet
687 1765 772 1815 propter
782 1759 891 1814 horninem,
908 1759 1052 1813 quomundiao

67 1829 130 1870 oorde
145 1829 198 1870 ilium
214 1828 286 1871 videre
302 1831 393 1886 possint,
409 1836 431 1873 ut
445 1843 483 1884 pro
499 1831 523 1872 iis
538 1843 591 1884 quae
607 1831 662 1883 passi
675 1834 722 1872 sunt
733 1829 841 1872 laetentur.
871 1829 921 1870 Nam
932 1830 957 1870 ad
969 1842 1025 1871 suam

66 1898 152 1940 formam
167 1900 224 1942 vetut
239 1900 264 1941 ad
279 1901 388 1942 maximum
404 1901 491 1955 sigilium
506 1901 609 1942 hominem
626 1900 717 1955 effinxit,
731 1905 753 1940 ut
768 1900 860 1941 omnibus
876 1900 986 1953 imperaret
1001 1912 1025 1940 ao

67 1968 219 2025 dominaretur,
236 1975 256 2012 et
271 1976 344 2012 onnota
361 1972 379 2013 ei
395 1972 503 2012 servirent.
538 1970 606 2018 Quare
623 1971 733 2012 arbitratus
748 1981 771 2011 se
788 1982 834 2012 esse
851 1970 929 2025 omnia,
951 1970 1024 2024 suique

65 2041 172 2094 imaginem
191 2052 237 2083 esse
252 2041 355 2083 hominem
371 2039 411 2098 [ille
427 2042 481 2083 enim
496 2042 654 2099 inaspeotahilis,
676 2042 745 2095 imago
765 2045 831 2082 autem
846 2040 898 2082 iltius
914 2039 974 2082 homo
990 2041 1023 2082 vi-

66 2109 143 2166 sibilis]:
167 2111 202 2165 qni
219 2124 265 2152 eum
282 2112 325 2153 vult
340 2112 419 2166 colere,
445 2112 590 2166 aspectabilem
614 2112 658 2166 opus
679 2111 769 2153 honorat
788 2112 909 2167 imaginem,
930 2111 971 2152 hoe
987 2117 1049 2166 estat

66 2181 174 2224 hominem.
213 2181 271 2230 Quod
288 2178 376 2236 quisque
393 2194 444 2237 ergo
468 2182 544 2223 homini
559 2181 640 2238 feeerit,
663 2181 707 2224 sive
723 2182 810 2237 bouum,
834 2183 878 2224 sivo
896 2182 981 2237 maium,
1004 2183 1024 2223 in

64 2254 129 2296 Deum
145 2253 241 2296 retertur.
280 2252 410 2306 Quapropter
426 2258 446 2294 ot
459 2253 557 2308 Judieium
574 2252 626 2306 ejus,
651 2252 729 2294 cunetis
752 2264 789 2306 pro
809 2253 883 2294 merito
900 2253 1023 2307 retribuens,

65 2324 89 2366 ad
105 2330 272 2378 unumquemque
287 2324 401 2377 perveniet.
431 2322 481 2364 Nam
498 2324 529 2364 sui
545 2322 631 2365 formam
648 2323 758 2366 uloisoitur.

121 2395 170 2436 Vlll.
201 2394 241 2438 Sed
257 2393 309 2435 dieat
325 2394 407 2448 aliquis:
423 2394 439 2436 si
455 2393 541 2435 formam
557 2394 630 2450 hahet,
647 2399 667 2435 et
682 2395 768 2448 figuram
785 2392 847 2434 habet
862 2398 881 2435 et
891 2394 911 2434 in
921 2393 968 2436 looo
981 2400 1023 2447 est;

63 2467 83 2508 in
98 2467 145 2508 looo
162 2469 229 2506 autem
246 2464 359 2520 exsistens,
380 2470 400 2506 et
415 2465 439 2505 ab
455 2465 500 2518 ipso
517 2470 624 2507 contentus
645 2465 700 2506 vetut
715 2465 792 2519 minor,
814 2476 855 2518 quo
879 2463 940 2505 modo
961 2476 1048 2518 superao

64 2536 131 2577 omnia
146 2547 231 2589 magnus
247 2534 293 2576 est?
325 2535 369 2583 Qua
384 2546 434 2577 vero
451 2535 530 2577 ratione
546 2536 622 2589 ubique
639 2548 685 2578 esse
707 2539 786 2591 potest,
809 2534 843 2588 qui
859 2539 890 2576 est
905 2534 926 2575 in
941 2534 1021 2592 figura?

63 2606 94 2647 Ad
110 2607 148 2649 ista
165 2605 295 2660 objicientem
311 2606 376 2659 primo
391 2605 514 2659 responderi
535 2605 605 2647 debet:
624 2605 675 2647 haeo
699 2605 724 2646 de
745 2618 770 2647 eo
791 2605 866 2648 sentire
890 2617 914 2646 ao
935 2604 1021 2646 eredere

64 2676 181 2731 Soripturae
197 2673 289 2717 suadent.
324 2676 368 2719 Nos
385 2680 451 2718 autem
468 2689 529 2719 veras
546 2688 615 2717 earum
638 2675 749 2717 sententias
771 2676 927 2731 cognoscimus,
949 2676 1020 2729 quibus

94 2823 111 2858 1.
142 2822 191 2859 κινεῖ
204 2820 256 2856 deest
271 2818 288 2856 in
305 2819 326 2857 0.
555 2818 633 2857 voluerit
648 2813 809 2869 κροσελεόσετιιι.
825 2821 844 2857 S.

92 2883 111 2917 2.
141 2874 176 2929 τὴν
191 2875 276 2929 καρδίαν
291 2877 312 2915 Ο.
328 2878 389 2915 uarat.
408 2880 425 2926 5,
442 2879 487 2915 28st
585 2881 604 2915 7.
632 2874 682 2916 'Ata'
700 2879 723 2926 C,
739 2877 769 2925 qui
785 2877 851 2915 deinde
868 2878 908 2915 extr.
924 2873 961 2929 ἔχῃ.

93 2940 111 2978 3.
143 2933 235 2976 ardema
252 2937 272 2976 0,
584 2938 602 2973 8.
633 2933 710 2981 πάντας
726 2935 746 2975 0.

91 2999 110 3033 4,
141 2991 215 3046 ὁρατός
224 2993 343 3033 addidio.0:
361 3005 407 3042 quae
427 2993 529 3031 emendatio
585 2997 602 3031 9,
633 2991 654 3033 at
669 2989 746 3046 γραφαὶ
767 2999 785 3031 et
801 2988 833 3032 καὶ
856 2994 868 3031 S
889 2993 957 3030 addidit
972 3000 1018 3034 anot.

0 3097 2 3099 ¹
63 3054 130 3091 Davisii
146 3055 225 3102 conjeci.
243 3048 307 3106 ὁρατὴ
323 3047 529 3103 μόιίἶνθρωιιοςεκ-
555 3053 574 3089 C.
604 3052 647 3090 Post
663 3050 760 3094 arroasiam
780 3051 798 3088 in
815 3052 828 3089 0
848 3052 911 3088 laouna
931 3054 1019 3102 sequitur,

62 3114 149 3160 perttuam
165 3113 229 3150 reddit.
555 3109 583 3147 oui
606 3110 628 3147 al.
651 3124 697 3150 man.
718 3109 811 3158 inscripsit
832 3106 850 3146 οἱ
875 3105 919 3158 περὶ
941 3108 1018 3160 σι’μονα.

92 3175 109 3210 5.
141 3166 218 3221 ποιήσει
241 3171 259 3208 C.
287 3167 368 3207 Subinde
385 3162 495 3220 ἄνθρωπον
508 3169 529 3206 0.
554 3169 633 3206 Vaeunm
649 3176 708 3209 tamen
732 3172 768 3208 troo
785 3163 907 3205 additamento
933 3181 969 3208 non
987 3183 1019 3209 ex-

92 3235 110 3268 6.
143 3228 244 3268 cotelerius
269 3229 315 3265 haee
335 3225 397 3275 vertit,
421 3226 471 3274 quasi
492 3226 529 3274 tegi
554 3227 618 3275 pletur.

763 3296 814 3340 22*
